3050 4892
423 266 689 333 EMENANDm
717 270 923 339 meroen.
1135 251 1216 339 3οι

138 411 195 481 καὶ
214 412 292 499 δύο,
324 416 502 501 δυσβότους
522 421 556 484 τέ
573 444 663 497 τινας
684 424 811 509 χώρους
830 428 1128 515 παραμειψάμενος,
1155 436 1224 519 ryg.
1234 451 1360 521 χωρ,

136 537 205 581 reso
235 515 317 580 κατὰ
343 515 383 581 τό
416 517 534 603 ῥεῖθρα
559 522 618 583 τού
637 516 709 605 Ἲχ,
740 517 778 585 ού
806 523 871 609 μὴν
895 525 977 591 α’λλό
998 532 1054 594 καὶ
1069 530 1151 597 κατὰ
1170 533 1224 599 τόν
1234 522 1318 575 ¹¹¹‘¹·²

136 616 245 697 Δαδχ,
268 614 324 680 καὶ
343 615 398 680 διό
419 620 538 698 λιμνῶν
557 613 673 704 ἑτέρων
693 612 793 697 addae
811 625 846 699 ές
864 620 917 689 τόν
934 626 1102 694 Ἀττιλαν·
1129 596 1319 698 “amiud-5
1341 653 1344 682 ¹

80 756 86 767 ·
137 711 184 788 οός
207 710 398 799 Ούχούρους,
420 716 454 781 οδ
473 714 512 801 δή
535 718 593 781 καί
606 741 718 804 σφισιν
739 720 941 806 ἀπήγγειλαν,
962 725 1006 803 er
1025 729 1070 805 εἰς
1090 726 1131 793 τό
1151 733 1251 817 περίὒ

120 809 367 898 δεδι-Κωφῆνα
388 812 533 897 ποταμόν
554 816 588 892 ές
608 814 646 882 τό
678 813 776 883 λα’σια
802 822 952 909 τέσσαρες
977 823 1121 908 χιλιάδες
1139 833 1230 915 Περ-

134 912 205 977 σοόν
228 913 413 997 εἰιιτηρούσι
432 920 724 999 προλελοχισμένοι,
744 911 788 992 οἷς
807 910 848 984 όν
866 918 1078 1008 χειριόσονται
1096 924 1231 1011 παριόν-

137 1034 200 1085 τας
218 1007 344 1086 αύτούς.
382 1008 483 1101 ταύτῃ
506 1036 557 1077 τοι
575 1011 593 1079 ό
615 1017 679 1079 τῶν
702 1012 874 1101 Ούχούροιν
892 1014 1064 1104 ἡγούμενος
1071 1074 1082 1105 ‚
1109 1019 1145 1100 δς
1165 1027 1231 1093 διέ-

135 1110 240 1188 σωζεν
272 1111 373 1175 ἐκεῖσε
398 1116 457 1177 τού
475 1109 678 1196 Διζοβούλου
709 1112 744 1180 τό
763 1111 900 1202 κρότος,
925 1116 1095 1205 πληρώσας
1112 1117 1231 1203 ύδατος

138 1201 259 1283 δοκούς
285 1211 460 1295 παρέσχετο
489 1220 555 1289 τοῖς
575 1210 652 1299 περὶ
669 1210 864 1300 Ζήμαρχον,
892 1214 938 1293 σός
964 1213 1003 1283 όν
1030 1218 1134 1303 ἔχοιεν
1153 1219 1231 1289 terr

99 1304 342 1394 ιούδρεύσοιντο
372 1308 426 1374 διό
455 1312 511 1395 τῆς
537 1310 676 1396 ἀνύδρου
697 1311 807 1390 ἰόντες.
847 1306 944 1399 εύρον
963 1319 1001 1382 δέ
1019 1322 1077 1383 καί
1095 1317 1225 1406 λιμνην,

135 1404 194 1471 κατ’
221 1404 500 1492 παραμειψάμενοι
519 1406 555 1475 τό
575 1411 657 1493 μέγα
675 1414 769 1478 τούτο
788 1411 998 1499 ύδροσιόσιον
1027 1419 1175 1504 ἀφίκοντο
1194 1419 1229 1493 ές
1333 1454 1342 1467 ·

135 1506 260 1582 ἔνιένας
280 1505 338 1582 τός
361 1506 497 1591 λίμνας,
524 1512 559 1575 έν
580 1504 632 1585 οἷς
652 1508 893 1596 ἐπιμιγνύμενος
912 1508 1086 1581 ἀπόλλυται
1106 1513 1124 1580 ό
1145 1522 1225 1583 Koo-
1292 1585 1296 1591 ,
1361 1526 1367 1538 ’

135 1602 204 1691 φῆν
225 1603 375 1687 ποταμός.
408 1604 442 1685 ἒξ
462 1610 581 1674 taratra
607 1606 647 1696 δὴ
669 1614 726 1675 τού
743 1608 853 1697 χοόρου
873 1615 1033 1695 πέμπουσι
1053 1617 1227 1704 διοπτῆρας

134 1705 483 1790 προδιασκεψομένους,
505 1706 569 1792 εἴγε
590 1708 635 1784 σός
655 1708 823 1795 α’ληδιόςοῐ
838 1713 968 1795 Πέρσαι
988 1714 1224 1799 ἐνεδρεύουσιν·

98 1805 169 1874 ιόοδ
189 1801 232 1887 δὴ
256 1798 498 1887 όνιχνεύσαντες
518 1804 710 1892 ἀπήγγειλαν
729 1810 852 1893 μηδένα
872 1812 960 1876 ἰδεῖν.
981 1805 1068 1891 ὅμως
1088 1810 1146 1888 ξύν
1164 1820 1254 1895 ,aa-1)

132 1899 234 1991 ysirrp
255 1898 346 1993 φόβιρ
367 1903 517 1992 ἀφίκοντο
540 1907 574 1983 ές
592 1904 759 1991 Ἀλανύιν,
789 1904 869 1972 ιιατό
898 1904 934 1973 τό
953 1910 1075 1992 μᾶλλον
1096 1908 1230 1987 δεδιότες

132 1998 171 2065 τό
192 2003 299 2087 φύλου
319 2006 383 2068 τεόν
399 1998 611 2090 Ὀρομοσχοῖν.

221 2100 265 2165 δ’.
296 2093 369 2165 ’Ότι
387 2100 546 2187 γενόμενοι
564 2099 598 2169 ἒν
628 2104 758 2195 Ἀλανέρι
777 2103 865 2192 παρὰ
888 2104 1055 2194 Συριόδιοι
1073 2105 1132 2172 τόν
1150 2110 1233 2174 διιεί-

132 2223 200 2267 νων
220 2196 383 2283 ἡγεμόνα,
419 2198 475 2266 καὶ
502 2196 570 2283 ἅμα
590 2210 656 2279 τοῖς
676 2197 839 2286 ἑπομένοις
863 2200 1014 2291 Τσύρκοις
1040 2207 1231 2291 ε’σφοιτῆσαι
1238 2216 1318 2289 mre

96 2292 347 2383 τοβουλόμενοι,
379 2296 395 2365 ό
416 2298 580 2387 Σαροόδιος
598 2298 653 2367 τόν
672 2304 732 2384 μὲν
749 2302 923 2392 Ζὴμαρχον
941 2308 999 2370 καί
1015 2304 1090 2380 τούς
1110 2300 1227 2388 ἑπομέ-

134 2421 210 2473 νους
241 2397 367 2477 ἐδέξατο
398 2394 566 2481 ἀσμένως,
595 2398 671 2476 τούς
700 2404 735 2467 δὲ
756 2400 796 2489 δὴ
824 2407 973 2489 πρέσβεις
991 2406 1057 2491 τοῖν
1081 2402 1229 2490 Ταύρειον

135 2493 258 2584 ἔφασκε
284 2494 330 2581 μή
356 2496 507 2585 πρότερον
536 2502 592 2585 τῆς
618 2499 661 2577 σός
686 2499 783 2567 αύτόν
801 2498 931 2569 εἰσόδου
951 2512 1072 2587 τυχεῖν,
1092 2496 1115 2588 ἢ
1133 2528 1231 2569 κατα-

209 2632 234 2670 τ.
254 2622 278 2673 3.
297 2618 321 2671 5.
339 2616 447 2682 iemba,
467 2618 914 2692 lait,volga(1tthel),1(uns‚
936 2622 1022 2677 durii.
1040 2620 1073 2673 N.
1134 2624 1159 2675 3.
1179 2610 1228 2673 διδ

210 2686 319 2758 λιμνῶν
333 2688 376 2751 Η,
395 2687 630 2762 ύιύλιμνοντιιλς.
685 2693 715 2761 4.
739 2689 937 2760 Ούτιγούρους
953 2702 982 2745 et
998 2713 1022 2764 7.
1045 2689 1234 2763 Ούτιγούριον

208 2759 317 2813 οοιιί.Ν.
370 2762 396 2814 6.
406 2760 562 2829 παριόντας
581 2761 715 2826 cantoct,
733 2763 880 2833 παρόντας
897 2763 968 2829 vulg.
1023 2762 1073 2830 μδ
1093 2780 1144 2814 om.
1155 2764 1230 2832 vulg.

176 2862 186 2912 i
214 2864 348 2916 Romanos
372 2863 547 2925 monuerunt,
569 2864 599 2914 in
619 2862 711 2915 densis
737 2870 767 2914 et
782 2864 926 2917 arboribus
946 2863 1058 2917 oonsitis
1075 2862 1144 2914 loeis
1159 2865 1231 2915 circa

137 2879 298 3004 ddptrenem
316 2934 419 2987 flumen
438 2935 523 2985 intere
541 2934 573 2985 in
591 2932 701 2985 insidiis
721 2933 854 2986 collocata
872 2935 1012 2990 Persarum
1030 2942 1147 3006 quatuor
1165 2933 1233 2983 mil-

138 3004 192 3067 iia,
221 3005 271 3075 qui
300 3012 505 3074 praetereuntes
530 3020 576 3055 eos
601 3005 723 3071 captivos
750 3004 880 3057 facerent
917 3008 1070 3074 Ugurorom
1088 3002 1162 3066 dux,
1181 3004 1231 3124 (psi

137 3072 196 3127 iilic
213 3092 249 3127 ex
266 3076 428 3127 auctoritate
447 3073 573 3127 Disebuii
601 3074 746 3144 imperium
770 3073 908 3139 habebat,
931 3084 1006 3128 utres
1031 3090 1103 3144 aqua
1129 3074 1186 3142 imp
1199 3090 1230 3124 e·

136 3144 177 3199 rit
202 3154 233 3198 et
256 3144 387 3215 praebuit
410 3141 554 3196 Zemareho
582 3150 611 3194 et
637 3146 697 3196 eius
723 3146 886 3210 comitibus,
911 3152 951 3209 ut,
967 3160 1028 3197 oum
1052 3141 1228 3213 perdeserta

138 3213 230 3280 irent,
246 3214 383 3268 haberent
405 3214 479 3267 unde
505 3220 679 3284 aquirentar.
721 3214 889 3269 invenerunt
905 3223 935 3266 et
940 3212 1081 3337 paludem
1113 3221 1142 3264 et
1168 3229 1230 3265 ma-

140 3300 221 3352 gnum
248 3284 319 3339 iliud
346 3291 470 3351 stagnum
489 3286 696 3354 praetergressi,
715 3294 902 3355 pervenerunt
923 3303 939 3337 a
981 3302 1027 3338 eas
1044 3282 1180 3355 paludes,
1200 3284 1231 3335 in
1325 3336 1326 3339 ,

140 3370 208 3425 quaa
227 3356 366 3409 immixtus
379 3354 492 3425 Cophen
509 3355 596 3407 amnis
615 3370 674 3407 sese
693 3356 818 3411 effundit.
854 3359 895 3411 Ex
913 3374 945 3410 eo
956 3358 1018 3408 ioco
1035 3356 1152 3407 mittunt
1180 3355 1232 3424 qui

141 3426 328 3493 explorarent,
347 3443 382 3478 aa
399 3442 493 3480 verum
511 3434 597 3487 esset,
615 3426 708 3479 Persas
726 3427 755 3479 in
785 3427 895 3479 insidiis
913 3444 980 3479 esse.
1017 3424 1054 3475 Hi
1071 3422 1170 3477 iisdem
1186 3433 1233 3475 to-

140 3500 197 3546 tam
215 3497 354 3569 regionem
378 3498 541 3565 perscrutati
567 3499 769 3561 renuntiarunt,
787 3496 817 3549 'se
834 3498 973 3549 nerninem
991 3496 1099 3548 vidisse.
1136 3492 1233 3545 Nihilo

139 3567 228 3619 secius
256 3571 286 3621 in
304 3569 429 3621 Alaniam
446 3581 542 3637 magna
569 3582 631 3619 eum
650 3567 851 3635 trepidatione,
868 3576 1013 3640 propterea
1031 3565 1107 3639 quod
1123 3575 1231 3620 metue·

138 3634 207 3691 beot
222 3647 330 3709 gentem
349 3636 597 3700 Oromoschorum,
613 3645 804 3706 properarunt.

207 3727 234 3779 ρ
271 3708 364 3779 Quom
383 3710 412 3760 in
433 3708 558 3760 Alaniam
575 3708 772 3777 pervenirem,
790 3717 819 3759 et
836 3708 990 3770 Sarodium,
1008 3707 1156 3761 Alanoram
1175 3705 1230 3758 du-

140 3794 213 3843 eem,
235 3796 289 3831 una
306 3796 366 3832 eam
382 3780 478 3832 Turois
497 3778 574 3831 adire
592 3778 712 3841 veilent,
730 3776 860 3831 Serodius
877 3778 990 3851 quidem
1009 3778 1183 3831 tenarehum
1201 3782 1231 3828 et

140 3850 189 3917 qui
209 3866 271 3901 eom
291 3865 324 3903 eo
342 3858 420 3903 erant
445 3849 563 3918 benigne
595 3857 624 3900 et
642 3849 756 3902 comiter
776 3850 901 3919 excepit,
918 3849 967 3901 sed
988 3850 1138 3903 Torcoruns
1157 3848 1232 3916 iega-

141 3923 182 3969 tos
200 3920 288 3989 prius,
306 3937 386 3991 quern
409 3936 481 3973 arma
509 3919 710 3989 deposuissent,
729 3918 759 3969 in
777 3936 856 3972 suum
875 3928 1049 3990 conspectum
1067 3919 1161 3972 venire
1178 3932 1232 3966 no-

140 3986 202 4045 luit.
237 3990 358 4043 Maximo
376 3991 460 4061 igitur
476 3992 549 4043 iuter
567 3990 640 4060 ipsos
658 3989 806 4056 superbae
825 4008 853 4043 re
871 4000 932 4043 orto
950 4000 979 4044 et
995 3991 1156 4044 continuato
1180 4002 1232 4057 per

142 4062 196 4111 tres
214 4060 272 4113 dies
291 4064 457 4126 certamine,
475 4060 668 4114 dissidentium
687 4059 790 4113 arbiter
814 4061 870 4114 tuit
886 4060 1053 4115 Zemarehus.
1089 4056 1231 4117 Tandem,

146 4130 223 4185 ”mit
242 4132 391 4206 depositis,
417 4140 449 4189 ut
468 4130 583 4189 Sarodio
600 4131 757 4205 placuerat,
776 4148 839 4188 eum
858 4132 994 4188 adierant
1030 4130 1162 4188 Sarodius
1180 4143 1230 4180 aa·
