3050 4892
485 208 781 319 elaboraretis.

94 360 216 423 Vexatis
232 360 372 424 domibus
392 373 480 446 raptu
503 368 659 448 stuprique
680 367 800 443 furore,

94 459 171 521 Cum
197 460 308 523 similes
327 484 431 525 omnes
449 463 488 525 ad
512 468 641 546 pessima
662 465 773 525 damna
796 466 962 547 putabam

93 558 165 618 Non
182 559 282 621 honor
299 571 350 622 aut
367 574 447 625 aetas
471 565 570 645 potuit
590 562 750 625 defendere
770 586 976 649 quemquam,

91 658 225 739 Legibus
241 660 370 737 eversis,
386 672 469 722 certo
488 666 654 723 munimine
673 684 798 741 rernm,

94 756 195 839 Vique
214 770 391 840 potestatem
405 758 524 821 telluris
546 761 610 822 sola
624 772 756 823 tenente.

92 857 182 919 Tune
198 860 284 938 pravi
304 856 450 920 scelerum
466 860 625 941 capiebant
643 864 778 944 praemia
798 862 889 941 laeti,

93 955 216 1017 Iudiciis
233 956 360 1018 nimium
381 961 475 1019 iustos
494 958 638 1020 damnare
662 964 782 1021 coactis.

94 1056 172 1117 Nam
191 1076 305 1115 vanum
321 1078 431 1119 nomen
449 1058 621 1119 retinebant
644 1060 735 1121 inrita
749 1062 837 1139 iura5

25 1216 28 1225 ,
95 1155 276 1237 Umbraque
291 1158 420 1218 iustitiae
442 1156 534 1217 rebus
552 1157 684 1219 restabat
700 1160 811 1220 inanis.

93 1258 259 1337 Paupertas
280 1254 356 1317 nulli
374 1258 472 1318 tenuis
488 1256 630 1339 prodesse
651 1257 789 1331 valebat,

96 1355 184 1432 Quae
200 1355 276 1417 solet
298 1377 362 1419 asse
383 1356 463 1419 salus
482 1367 637 1439 raptorum
657 1368 794 1440 tempore
816 1378 934 1441 regum.

95 1454 230 1536 Namque
244 1454 335 1515 dabat
356 1477 487 1537 poenas,
509 1466 621 1517 utnon
644 1459 812 1538 praesentia
831 1458 942 1537 ferret,

94 1552 137 1614 Et
156 1556 273 1635 stupuit
293 1574 356 1614 sese
377 1554 495 1615 damme
516 1554 679 1615 maioribus
699 1576 781 1633 esse,

95 1652 197 1730 Quam
221 1651 332 1734 plenos
344 1652 452 1735 opibus
471 1651 560 1737 largis
584 1654 788 1739 gravibusque
802 1654 942 1716 metallis.

95 1750 233 1833 Corpora
246 1774 338 1829 nam,
359 1753 447 1835 spolii
467 1754 491 1815 si
512 1753 598 1835 eopia
613 1751 697 1816 nulla
716 1753 863 1833 dabatur,

95 1850 255 1912 Vexabant
271 1851 397 1933 vinclis,
418 1853 568 1915 vexabant
587 1855 687 1935 stipite
710 1853 799 1914 duro.

170 1952 314 2013 Cladibus
336 1951 382 2015 his
400 1953 522 2015 tandem
549 1953 624 2015 caeli
643 1974 695 2014 rex
713 1952 823 2013 liberat
844 1953 970 2031 orbem,

96 2051 176 2111 Cum
190 2049 367 2131 dominum,
391 2051 498 2113 melius
512 2051 564 2113 sed
579 2062 697 2135 patrem
710 2051 810 2112 dicere
825 2072 965 2133 mum,

93 2148 225 2213 Praebet
243 2151 457 2229 anastasium,
475 2162 561 2212 tanta
575 2152 685 2235 pietate
699 2150 871 2232 vigentem,

95 2252 134 2310 ln
152 2252 237 2311 cuius
251 2252 315 2313 vita
328 2253 456 2313 virtutes
476 2252 626 2311 cernimus
644 2270 760 2311 omnes.

94 2350 153 2411 Est
171 2350 281 2429 iustus,
297 2353 434 2433 sapiens,
456 2361 569 2427 castus,
592 2350 758 2432 fortisque,
781 2351 929 2432 piusque,

95 2450 153 2513 Est
172 2448 323 2529 clemens,
343 2448 475 2525 stabilis,
498 2450 691 2527 moderatus,
706 2451 808 2525 mitis,
822 2449 986 2533 bonestua3

95 2550 158 2628 Et,
179 2548 286 2632 loquar
301 2556 337 2610 ut
355 2550 489 2611 breviter
504 2548 587 2632 quod
604 2550 701 2611 sentio
720 2548 813 2609 eorde
827 2550 884 2611 sub
898 2550 978 2628 imo,

96 2648 233 2712 Possidet
248 2649 317 2723 bic,
340 2660 475 2711 veterum
491 2648 640 2731 quidquid
661 2645 802 2708 laudatur
822 2650 856 2707 in
872 2644 948 2709 ullo.

97 2748 286 2809 Antoninum
301 2748 392 2808 buius
408 2750 520 2830 pietas,
542 2746 687 2827 sapientia
711 2747 870 2822 Marcum,

97 2850 139 2910 Et
159 2851 263 2909 mitem
279 2848 412 2908 Nervam
423 2847 575 2909 lenissima
589 2855 709 2927 pectora
724 2844 871 2918 vincunt3

97 2948 329 3029 Promeruitque
343 2947 430 3007 Titus
450 2968 514 3029 non
531 2955 650 3005 tantum
671 2952 773 3003 mente
795 2940 946 3023 benigna,

98 3050 202 3111 Gloria
217 3048 400 3130 magnanimi
425 3046 549 3108 Traiani
563 3053 692 3105 cesserat
709 3042 769 3102 isti.

98 3150 177 3210 Nam
200 3150 267 3231 quis
284 3157 330 3207 tot
351 3145 469 3209 domuit
482 3142 571 3206 simul
586 3164 649 3205 uno
663 3144 761 3205 Marte
781 3144 952 3225 tyrannos?

98 3248 238 3331 Rupibus
253 3246 380 3307 adverso
397 3266 472 3327 quos
487 3243 572 3305 duxit
586 3244 701 3304 lsauria
717 3240 804 3319 fato,

99 3350 184 3427 Quos
198 3347 316 3409 bonitas
332 3346 446 3407 domini
461 3343 661 3427 placidissima
676 3341 783 3403 cedere
796 3341 882 3403 iussit

99 3448 259 3515 Moenibus
276 3469 311 3509 ex
330 3447 435 3525 urbis,
454 3444 552 3507 voluit
572 3464 628 3505 nee
651 3441 770 3531 laedere
796 3461 941 3523 prorsus,

100 3550 248 3627 Quamvis
262 3547 440 3630 supplicium
455 3544 595 3615 debentes
617 3540 733 3604 solvere
754 3540 881 3601 mundo.

100 3648 161 3710 Sed
172 3668 233 3707 non
252 3645 302 3708 ille
325 3657 431 3729 pater,
455 3645 508 3727 qui
525 3646 651 3705 sustinet
665 3642 768 3702 omnia
787 3640 914 3718 dextm,

101 3748 203 3828 Atque
215 3747 282 3829 pari
305 3744 383 3806 libra
396 3744 465 3817 iusti
477 3752 671 3808 monumenta
695 3749 849 3821 repensat,

102 3846 221 3907 Adnuit
237 3846 360 3927 impune
379 3843 551 3905 sceleratam
568 3841 705 3921 linquere
719 3848 848 3919 gentem.

100 3944 180 4011 Nam
197 3944 281 4007 liuor
300 3944 449 4007 immissus
463 3941 626 4009 commovit
649 3939 746 4001 Marto
768 3933 924 4013 nefando,

171 4061 212 4132 ⁵5·
228 4062 241 4110 “.
262 4098 268 4113 .
288 4098 294 4111 .
314 4058 355 4113 uit
373 4060 432 4113 eod.

1080 177 1177 301 Ι’519
