<?xml version="1.0" encoding="UTF-8"?>
<!DOCTYPE html PUBLIC "-//W3C//DTD XHTML 1.0 Transitional//EN"
    "http://www.w3.org/TR/xhtml1/DTD/xhtml1-transitional.dtd">
<html xmlns="http://www.w3.org/1999/xhtml" xml:lang="en" lang="en">
 <head>
  <title>
</title>
<meta http-equiv="Content-Type" content="text/html;charset=utf-8" />
  <meta name='ocr-system' content='tesseract 3.04.00' />
  <meta name='ocr-capabilities' content='ocr_page ocr_carea ocr_par ocr_line ocrx_word'/>
</head>
<body>
  <div class='ocr_page' id='page_1' title='image "./corpusscriptoru41niebgoog/corpusscriptoru41niebgoog_0649.png"; bbox 0 0 3050 4892; ppageno 0'>
   <div class='ocr_carea' id='block_1_1' title="bbox 347 232 1186 341">
    <p class='ocr_par' dir='ltr' id='par_1_1' title="bbox 347 232 1186 341">
     <span class='ocr_line' id='line_1_1' title="bbox 347 232 1186 341; baseline -0.008 -7"><span class='ocrx_word' id='word_1_1' title='bbox 347 274 391 336; x_wconf 83' lang='lat' dir='ltr'><strong>ru</strong></span> <span class='ocrx_word' id='word_1_2' title='bbox 419 270 605 337; x_wconf 67' lang='lat' dir='ltr'><strong>amosis</strong></span> <span class='ocrx_word' id='word_1_3' title='bbox 634 272 929 341; x_wconf 78' lang='lat' dir='ltr'><strong>onnnrononr.</strong></span> <span class='ocrx_word' id='word_1_4' title='bbox 1039 232 1042 239; x_wconf 73' lang='grc'><strong><em>’</em></strong></span> <span class='ocrx_word' id='word_1_5' title='bbox 1104 240 1186 329; x_wconf 80' lang='lat'><strong>565</strong></span> 
     </span>
    </p>
   </div>
   <div class='ocr_carea' id='block_1_2' title="bbox 89 418 1287 3970">
    <p class='ocr_par' dir='ltr' id='par_1_2' title="bbox 89 418 1287 3970">
     <span class='ocr_line' id='line_1_2' title="bbox 94 418 1189 509; baseline 0.001 -22"><span class='ocrx_word' id='word_1_6' title='bbox 94 424 156 487; x_wconf 83' lang='lat' dir='ltr'><strong>lud</strong></span> <span class='ocrx_word' id='word_1_7' title='bbox 176 422 268 484; x_wconf 89' lang='lat' dir='ltr'><strong>modo</strong></span> <span class='ocrx_word' id='word_1_8' title='bbox 286 427 350 483; x_wconf 85' lang='lat' dir='ltr'><strong>non</strong></span> <span class='ocrx_word' id='word_1_9' title='bbox 367 424 529 503; x_wconf 88' lang='lat' dir='ltr'><strong>omiserim,</strong></span> <span class='ocrx_word' id='word_1_10' title='bbox 549 426 743 487; x_wconf 77' lang='lat' dir='ltr'><strong>simulacrum</strong></span> <span class='ocrx_word' id='word_1_11' title='bbox 762 418 840 489; x_wconf 89' lang='lat' dir='ltr'><strong>illud</strong></span> <span class='ocrx_word' id='word_1_12' title='bbox 858 418 1038 503; x_wconf 74' lang='grc' dir='ltr'><em>ἀλεξίκακον</em></span> <span class='ocrx_word' id='word_1_13' title='bbox 1056 428 1189 509; x_wconf 87' lang='lat' dir='ltr'><strong>positum</strong></span> 
     </span>
     <span class='ocr_line' id='line_1_3' title="bbox 92 507 1188 593; baseline 0.002 -24"><span class='ocrx_word' id='word_1_14' title='bbox 92 509 196 569; x_wconf 71' lang='lat' dir='ltr'><strong>lisiaro</strong></span> <span class='ocrx_word' id='word_1_15' title='bbox 221 528 285 566; x_wconf 91' lang='lat' dir='ltr'><strong>non</strong></span> <span class='ocrx_word' id='word_1_16' title='bbox 304 507 336 567; x_wconf 91' lang='lat' dir='ltr'><strong>in</strong></span> <span class='ocrx_word' id='word_1_17' title='bbox 365 508 476 569; x_wconf 81' lang='lat' dir='ltr'><strong>linibus</strong></span> <span class='ocrx_word' id='word_1_18' title='bbox 496 510 705 587; x_wconf 76' lang='lat' dir='ltr'><strong>Bruttiorum,</strong></span> <span class='ocrx_word' id='word_1_19' title='bbox 735 511 787 571; x_wconf 90' lang='lat' dir='ltr'><strong>sed</strong></span> <span class='ocrx_word' id='word_1_20' title='bbox 808 514 840 571; x_wconf 91' lang='lat' dir='ltr'><strong>iu</strong></span> <span class='ocrx_word' id='word_1_21' title='bbox 860 512 926 593; x_wconf 90' lang='lat' dir='ltr'><strong>ipso</strong></span> <span class='ocrx_word' id='word_1_22' title='bbox 947 510 1065 570; x_wconf 77' lang='lat' dir='ltr'><strong>Siciliae</strong></span> <span class='ocrx_word' id='word_1_23' title='bbox 1085 510 1188 571; x_wconf 92' lang='lat' dir='ltr'><strong>littore</strong></span> 
     </span>
     <span class='ocr_line' id='line_1_4' title="bbox 93 588 1188 675; baseline 0.004 -24"><span class='ocrx_word' id='word_1_24' title='bbox 93 592 185 651; x_wconf 81' lang='lat' dir='ltr'><strong>iuxta</strong></span> <span class='ocrx_word' id='word_1_25' title='bbox 193 588 373 663; x_wconf 78' lang='lat' dir='ltr'><strong>Messanam,</strong></span> <span class='ocrx_word' id='word_1_26' title='bbox 396 603 432 650; x_wconf 89' lang='lat' dir='ltr'><strong>ut</strong></span> <span class='ocrx_word' id='word_1_27' title='bbox 452 612 531 673; x_wconf 88' lang='lat' dir='ltr'><strong>qnae</strong></span> <span class='ocrx_word' id='word_1_28' title='bbox 548 593 586 653; x_wconf 92' lang='lat' dir='ltr'><strong>de</strong></span> <span class='ocrx_word' id='word_1_29' title='bbox 598 592 751 675; x_wconf 82' lang='lat' dir='ltr'><strong>Asclepio,</strong></span> <span class='ocrx_word' id='word_1_30' title='bbox 774 594 854 654; x_wconf 86' lang='lat' dir='ltr'><strong>illius</strong></span> <span class='ocrx_word' id='word_1_31' title='bbox 869 614 1017 667; x_wconf 80' lang='lat' dir='ltr'><strong>eversore,</strong></span> <span class='ocrx_word' id='word_1_32' title='bbox 1032 614 1098 653; x_wconf 82' lang='lat' dir='ltr'><strong>mox</strong></span> <span class='ocrx_word' id='word_1_33' title='bbox 1120 593 1188 655; x_wconf 87' lang='lat' dir='ltr'><strong>sub</strong></span> 
     </span>
     <span class='ocr_line' id='line_1_5' title="bbox 92 672 1189 759; baseline 0.003 -25"><span class='ocrx_word' id='word_1_34' title='bbox 92 674 168 750; x_wconf 85' lang='lat' dir='ltr'><strong>dit,</strong></span> <span class='ocrx_word' id='word_1_35' title='bbox 196 672 322 755; x_wconf 86' lang='lat' dir='ltr'><strong>planum</strong></span> <span class='ocrx_word' id='word_1_36' title='bbox 350 674 475 734; x_wconf 83' lang='lat' dir='ltr'><strong>faciunt.</strong></span> <span class='ocrx_word' id='word_1_37' title='bbox 518 675 595 735; x_wconf 88' lang='lat' dir='ltr'><strong>Cum</strong></span> <span class='ocrx_word' id='word_1_38' title='bbox 622 696 695 737; x_wconf 82' lang='lat' dir='ltr'><strong>vem</strong></span> <span class='ocrx_word' id='word_1_39' title='bbox 721 675 895 759; x_wconf 77' lang='lat' dir='ltr'><strong>Asclepius,</strong></span> <span class='ocrx_word' id='word_1_40' title='bbox 932 698 1021 759; x_wconf 91' lang='lat' dir='ltr'><strong>quem</strong></span> <span class='ocrx_word' id='word_1_41' title='bbox 1044 675 1189 737; x_wconf 78' lang='lat' dir='ltr'><strong>Aescula-</strong></span> 
     </span>
     <span class='ocr_line' id='line_1_6' title="bbox 94 756 1188 839; baseline 0.004 -23"><span class='ocrx_word' id='word_1_42' title='bbox 94 759 190 838; x_wconf 92' lang='lat' dir='ltr'><strong>pium</strong></span> <span class='ocrx_word' id='word_1_43' title='bbox 217 756 318 816; x_wconf 86' lang='lat' dir='ltr'><strong>reddit</strong></span> <span class='ocrx_word' id='word_1_44' title='bbox 338 756 508 839; x_wconf 75' lang='lat' dir='ltr'><strong>interpres,</strong></span> <span class='ocrx_word' id='word_1_45' title='bbox 538 762 757 839; x_wconf 85' lang='lat' dir='ltr'><strong>possessionum</strong></span> <span class='ocrx_word' id='word_1_46' title='bbox 779 761 947 820; x_wconf 84' lang='lat' dir='ltr'><strong>Constantii</strong></span> <span class='ocrx_word' id='word_1_47' title='bbox 978 776 1008 820; x_wconf 87' lang='lat' dir='ltr'><strong>et</strong></span> <span class='ocrx_word' id='word_1_48' title='bbox 1038 757 1188 821; x_wconf 89' lang='lat' dir='ltr'><strong>Placidiae</strong></span> 
     </span>
     <span class='ocr_line' id='line_1_7' title="bbox 94 838 1189 919; baseline 0.004 -20"><span class='ocrx_word' id='word_1_49' title='bbox 94 840 196 901; x_wconf 78' lang='lat' dir='ltr'><strong>fuerit</strong></span> <span class='ocrx_word' id='word_1_50' title='bbox 215 860 269 919; x_wconf 85' lang='lat' dir='ltr'><strong>per</strong></span> <span class='ocrx_word' id='word_1_51' title='bbox 288 838 422 899; x_wconf 89' lang='lat' dir='ltr'><strong>Siciliam</strong></span> <span class='ocrx_word' id='word_1_52' title='bbox 430 841 636 915; x_wconf 72' lang='lat' dir='ltr'><strong>Procurator,</strong></span> <span class='ocrx_word' id='word_1_53' title='bbox 658 862 780 903; x_wconf 88' lang='lat' dir='ltr'><strong>necesse</strong></span> <span class='ocrx_word' id='word_1_54' title='bbox 799 855 844 904; x_wconf 90' lang='lat' dir='ltr'><strong>est</strong></span> <span class='ocrx_word' id='word_1_55' title='bbox 863 846 1050 903; x_wconf 86' lang='lat' dir='ltr'><strong>eversionem</strong></span> <span class='ocrx_word' id='word_1_56' title='bbox 1072 852 1189 903; x_wconf 87' lang='lat' dir='ltr'><strong>statuae</strong></span> 
     </span>
     <span class='ocr_line' id='line_1_8' title="bbox 93 922 1259 1007; baseline 0 -24"><span class='ocrx_word' id='word_1_57' title='bbox 93 922 268 983; x_wconf 82' lang='lat' dir='ltr'><strong>illiusnon</strong></span> <span class='ocrx_word' id='word_1_58' title='bbox 287 924 444 1005; x_wconf 79' lang='lat' dir='ltr'><strong>contigisse</strong></span> <span class='ocrx_word' id='word_1_59' title='bbox 463 936 535 984; x_wconf 89' lang='lat' dir='ltr'><strong>aute</strong></span> <span class='ocrx_word' id='word_1_60' title='bbox 556 946 670 985; x_wconf 90' lang='lat' dir='ltr'><strong>annum</strong></span> <span class='ocrx_word' id='word_1_61' title='bbox 693 924 844 985; x_wconf 88' lang='lat' dir='ltr'><strong>Dominiei</strong></span> <span class='ocrx_word' id='word_1_62' title='bbox 866 925 982 986; x_wconf 85' lang='lat' dir='ltr'><strong>Natalis</strong></span> <span class='ocrx_word' id='word_1_63' title='bbox 998 924 1076 1007; x_wconf 58' lang='lat'><strong>⁴417.</strong></span> <span class='ocrx_word' id='word_1_64' title='bbox 1254 924 1259 935; x_wconf 90' lang='lat'>&#39;</span> 
     </span>
     <span class='ocr_line' id='line_1_9' title="bbox 185 1003 1189 1091; baseline 0 -24"><span class='ocrx_word' id='word_1_65' title='bbox 185 1004 263 1085; x_wconf 75' lang='lat' dir='ltr'><strong>Pag.</strong></span> <span class='ocrx_word' id='word_1_66' title='bbox 282 1003 313 1065; x_wconf 88' lang='grc'><strong>6.</strong></span> <span class='ocrx_word' id='word_1_67' title='bbox 327 1006 368 1065; x_wconf 89' lang='grc' dir='ltr'><strong>Ι).</strong></span> <span class='ocrx_word' id='word_1_68' title='bbox 386 1005 475 1089; x_wconf 80' lang='grc'><strong>[153,</strong></span> <span class='ocrx_word' id='word_1_69' title='bbox 491 1005 556 1089; x_wconf 64' lang='grc'><strong>11]</strong></span> <span class='ocrx_word' id='word_1_70' title='bbox 580 1009 747 1081; x_wconf 79' lang='lat' dir='ltr'><strong>Gerontins,</strong></span> <span class='ocrx_word' id='word_1_71' title='bbox 771 1010 843 1068; x_wconf 84' lang='lat' dir='ltr'><strong>belli</strong></span> <span class='ocrx_word' id='word_1_72' title='bbox 854 1008 929 1081; x_wconf 76' lang='grc'><strong>11111,</strong></span> <span class='ocrx_word' id='word_1_73' title='bbox 945 1008 1127 1080; x_wconf 78' lang='lat' dir='ltr'><strong>Marinum,</strong></span> <span class='ocrx_word' id='word_1_74' title='bbox 1136 1008 1189 1091; x_wconf 75' lang='lat' dir='ltr'><strong>fi-</strong></span> 
     </span>
     <span class='ocr_line' id='line_1_10' title="bbox 91 1088 1189 1163; baseline 0.004 -16"><span class='ocrx_word' id='word_1_75' title='bbox 91 1089 175 1147; x_wconf 82' lang='lat' dir='ltr'><strong>lium</strong></span> <span class='ocrx_word' id='word_1_76' title='bbox 190 1110 284 1163; x_wconf 79' lang='grc'><strong>11111111,</strong></span> <span class='ocrx_word' id='word_1_77' title='bbox 299 1088 454 1149; x_wconf 67' lang='lat' dir='ltr'><strong>&amp;erarem</strong></span> <span class='ocrx_word' id='word_1_78' title='bbox 474 1092 630 1150; x_wconf 66' lang='lat' dir='ltr'><strong>remediat.</strong></span> <span class='ocrx_word' id='word_1_79' title='bbox 674 1092 811 1151; x_wconf 89' lang='lat' dir='ltr'><strong>Zosimus</strong></span> <span class='ocrx_word' id='word_1_80' title='bbox 831 1092 915 1151; x_wconf 87' lang='lat' dir='ltr'><strong>initio</strong></span> <span class='ocrx_word' id='word_1_81' title='bbox 935 1090 1005 1151; x_wconf 92' lang='lat' dir='ltr'><strong>libri</strong></span> <span class='ocrx_word' id='word_1_82' title='bbox 1027 1092 1099 1151; x_wconf 84' lang='lat' dir='ltr'><strong>sexti</strong></span> <span class='ocrx_word' id='word_1_83' title='bbox 1123 1112 1189 1151; x_wconf 87' lang='lat' dir='ltr'><strong>me-</strong></span> 
     </span>
     <span class='ocr_line' id='line_1_11' title="bbox 92 1170 1187 1255; baseline 0.003 -24"><span class='ocrx_word' id='word_1_84' title='bbox 92 1171 193 1231; x_wconf 80' lang='lat' dir='ltr'><strong>minit</strong></span> <span class='ocrx_word' id='word_1_85' title='bbox 209 1170 299 1229; x_wconf 88' lang='lat' dir='ltr'><strong>huius</strong></span> <span class='ocrx_word' id='word_1_86' title='bbox 312 1170 449 1232; x_wconf 84' lang='lat' dir='ltr'><strong>Gerontii</strong></span> <span class='ocrx_word' id='word_1_87' title='bbox 468 1194 538 1232; x_wconf 91' lang='lat' dir='ltr'><strong>cnm</strong></span> <span class='ocrx_word' id='word_1_88' title='bbox 558 1176 618 1233; x_wconf 86' lang='lat' dir='ltr'><strong>ait:</strong></span> <span class='ocrx_word' id='word_1_89' title='bbox 644 1174 810 1235; x_wconf 87' lang='lat' dir='ltr'><strong>iustiniano</strong></span> <span class='ocrx_word' id='word_1_90' title='bbox 833 1185 862 1235; x_wconf 89' lang='lat' dir='ltr'><strong>et</strong></span> <span class='ocrx_word' id='word_1_91' title='bbox 882 1174 1039 1255; x_wconf 81' lang='lat' dir='ltr'><strong>Navigaste</strong></span> <span class='ocrx_word' id='word_1_92' title='bbox 1058 1172 1187 1234; x_wconf 90' lang='lat' dir='ltr'><strong>ducibus</strong></span> 
     </span>
     <span class='ocr_line' id='line_1_12' title="bbox 93 1252 1185 1339; baseline 0.002 -24"><span class='ocrx_word' id='word_1_93' title='bbox 93 1276 118 1315; x_wconf 84' lang='lat' dir='ltr'><strong>a</strong></span> <span class='ocrx_word' id='word_1_94' title='bbox 127 1254 207 1315; x_wconf 83' lang='lat' dir='ltr'><strong>Sam</strong></span> <span class='ocrx_word' id='word_1_95' title='bbox 220 1252 396 1333; x_wconf 83' lang='lat' dir='ltr'><strong>interiectis,</strong></span> <span class='ocrx_word' id='word_1_96' title='bbox 417 1254 582 1315; x_wconf 86' lang='lat' dir='ltr'><strong>suffectosa</strong></span> <span class='ocrx_word' id='word_1_97' title='bbox 595 1257 793 1317; x_wconf 86' lang='lat' dir='ltr'><strong>Constantino</strong></span> <span class='ocrx_word' id='word_1_98' title='bbox 812 1268 943 1339; x_wconf 77' lang='lat' dir='ltr'><strong>tyranno</strong></span> <span class='ocrx_word' id='word_1_99' title='bbox 958 1256 1185 1329; x_wconf 87' lang='lat' dir='ltr'><strong>Edobinchum,</strong></span> 
     </span>
     <span class='ocr_line' id='line_1_13' title="bbox 89 1336 1188 1421; baseline 0.002 -24"><span class='ocrx_word' id='word_1_100' title='bbox 89 1339 225 1397; x_wconf 79' lang='lat' dir='ltr'><strong>natione</strong></span> <span class='ocrx_word' id='word_1_101' title='bbox 242 1336 407 1411; x_wconf 85' lang='lat' dir='ltr'><strong>Francnm,</strong></span> <span class='ocrx_word' id='word_1_102' title='bbox 430 1349 460 1397; x_wconf 89' lang='lat' dir='ltr'><strong>et</strong></span> <span class='ocrx_word' id='word_1_103' title='bbox 474 1340 667 1415; x_wconf 82' lang='lat' dir='ltr'><strong>Gerontium,</strong></span> <span class='ocrx_word' id='word_1_104' title='bbox 690 1360 724 1399; x_wconf 84' lang='lat' dir='ltr'><strong>ex</strong></span> <span class='ocrx_word' id='word_1_105' title='bbox 739 1341 895 1399; x_wconf 85' lang='lat' dir='ltr'><strong>Britannia</strong></span> <span class='ocrx_word' id='word_1_106' title='bbox 914 1340 1089 1411; x_wconf 89' lang='lat' dir='ltr'><strong>oriundum,</strong></span> <span class='ocrx_word' id='word_1_107' title='bbox 1112 1360 1188 1421; x_wconf 89' lang='lat' dir='ltr'><strong>quos</strong></span> 
     </span>
     <span class='ocr_line' id='line_1_14' title="bbox 95 1420 1187 1485; baseline 0.002 -4"><span class='ocrx_word' id='word_1_108' title='bbox 95 1422 218 1481; x_wconf 78' lang='lat' dir='ltr'><strong>veritus</strong></span> <span class='ocrx_word' id='word_1_109' title='bbox 235 1420 327 1479; x_wconf 88' lang='lat' dir='ltr'><strong>Saros</strong></span> <span class='ocrx_word' id='word_1_110' title='bbox 349 1420 389 1480; x_wconf 90' lang='lat' dir='ltr'><strong>ab</strong></span> <span class='ocrx_word' id='word_1_111' title='bbox 409 1420 568 1481; x_wconf 86' lang='lat' dir='ltr'><strong>obsidione</strong></span> <span class='ocrx_word' id='word_1_112' title='bbox 581 1420 740 1481; x_wconf 88' lang='lat' dir='ltr'><strong>Valentiae</strong></span> <span class='ocrx_word' id='word_1_113' title='bbox 762 1425 927 1485; x_wconf 76' lang='lat' dir='ltr'><strong>recesserit.</strong></span> <span class='ocrx_word' id='word_1_114' title='bbox 970 1422 1110 1481; x_wconf 87' lang='lat' dir='ltr'><strong>Eundem</strong></span> <span class='ocrx_word' id='word_1_115' title='bbox 1125 1425 1187 1483; x_wconf 89' lang='lat' dir='ltr'><strong>Ge-</strong></span> 
     </span>
     <span class='ocr_line' id='line_1_15' title="bbox 93 1501 1189 1587; baseline 0.002 -24"><span class='ocrx_word' id='word_1_116' title='bbox 93 1504 238 1563; x_wconf 73' lang='lat' dir='ltr'><strong>rounam</strong></span> <span class='ocrx_word' id='word_1_117' title='bbox 265 1501 369 1577; x_wconf 90' lang='lat' dir='ltr'><strong>addit,</strong></span> <span class='ocrx_word' id='word_1_118' title='bbox 402 1501 567 1564; x_wconf 88' lang='lat' dir='ltr'><strong>conciliatis</strong></span> <span class='ocrx_word' id='word_1_119' title='bbox 597 1505 653 1563; x_wconf 84' lang='lat' dir='ltr'><strong>sibi</strong></span> <span class='ocrx_word' id='word_1_120' title='bbox 683 1503 830 1565; x_wconf 85' lang='lat' dir='ltr'><strong>militibus</strong></span> <span class='ocrx_word' id='word_1_121' title='bbox 856 1505 992 1565; x_wconf 86' lang='lat' dir='ltr'><strong>barbaris</strong></span> <span class='ocrx_word' id='word_1_122' title='bbox 1015 1508 1045 1563; x_wconf 92' lang='lat' dir='ltr'><strong>iu</strong></span> <span class='ocrx_word' id='word_1_123' title='bbox 1066 1506 1189 1587; x_wconf 83' lang='lat' dir='ltr'><strong>regione</strong></span> 
     </span>
     <span class='ocr_line' id='line_1_16' title="bbox 95 1583 1185 1661; baseline 0.004 -16"><span class='ocrx_word' id='word_1_124' title='bbox 95 1583 282 1661; x_wconf 84' lang='lat' dir='ltr'><strong>Celtarum,</strong></span> <span class='ocrx_word' id='word_1_125' title='bbox 307 1585 452 1646; x_wconf 86' lang='lat' dir='ltr'><strong>adversus</strong></span> <span class='ocrx_word' id='word_1_126' title='bbox 468 1586 677 1647; x_wconf 66' lang='lat' dir='ltr'><strong>Conaamium</strong></span> <span class='ocrx_word' id='word_1_127' title='bbox 701 1587 898 1649; x_wconf 83' lang='lat' dir='ltr'><strong>deiectionem</strong></span> <span class='ocrx_word' id='word_1_128' title='bbox 918 1586 1056 1647; x_wconf 88' lang='lat' dir='ltr'><strong>molitum</strong></span> <span class='ocrx_word' id='word_1_129' title='bbox 1083 1587 1185 1649; x_wconf 78' lang='lat' dir='ltr'><strong>luisse.</strong></span> 
     </span>
     <span class='ocr_line' id='line_1_17' title="bbox 97 1667 1188 1749; baseline 0 -19"><span class='ocrx_word' id='word_1_130' title='bbox 97 1668 232 1744; x_wconf 78' lang='lat' dir='ltr'><strong>Cetera,</strong></span> <span class='ocrx_word' id='word_1_131' title='bbox 252 1688 331 1749; x_wconf 84' lang='lat' dir='ltr'><strong>quae</strong></span> <span class='ocrx_word' id='word_1_132' title='bbox 351 1667 391 1728; x_wconf 91' lang='lat' dir='ltr'><strong>ad</strong></span> <span class='ocrx_word' id='word_1_133' title='bbox 411 1671 595 1745; x_wconf 84' lang='lat' dir='ltr'><strong>Maximum,</strong></span> <span class='ocrx_word' id='word_1_134' title='bbox 616 1691 679 1729; x_wconf 91' lang='lat' dir='ltr'><strong>non</strong></span> <span class='ocrx_word' id='word_1_135' title='bbox 697 1674 762 1731; x_wconf 89' lang='lat' dir='ltr'><strong>eius</strong></span> <span class='ocrx_word' id='word_1_136' title='bbox 785 1669 898 1743; x_wconf 80' lang='lat' dir='ltr'><strong>lilium,</strong></span> <span class='ocrx_word' id='word_1_137' title='bbox 921 1680 956 1729; x_wconf 90' lang='lat' dir='ltr'><strong>nt</strong></span> <span class='ocrx_word' id='word_1_138' title='bbox 976 1671 1066 1729; x_wconf 87' lang='lat' dir='ltr'><strong>vertit</strong></span> <span class='ocrx_word' id='word_1_139' title='bbox 1090 1670 1188 1731; x_wconf 87' lang='lat' dir='ltr'><strong>Inter-</strong></span> 
     </span>
     <span class='ocr_line' id='line_1_18' title="bbox 95 1750 1188 1893; baseline 0.003 -83"><span class='ocrx_word' id='word_1_140' title='bbox 95 1770 172 1893; x_wconf 62' lang='lat' dir='ltr'><strong>ffis</strong></span> <span class='ocrx_word' id='word_1_141' title='bbox 192 1750 313 1811; x_wconf 89' lang='lat' dir='ltr'><strong>delusus</strong></span> <span class='ocrx_word' id='word_1_142' title='bbox 333 1752 474 1833; x_wconf 83' lang='lat' dir='ltr'><strong>ambigua</strong></span> <span class='ocrx_word' id='word_1_143' title='bbox 493 1774 569 1813; x_wconf 90' lang='lat' dir='ltr'><strong>voce</strong></span> <span class='ocrx_word' id='word_1_144' title='bbox 589 1751 712 1830; x_wconf 73' lang='grc' dir='ltr'><em>παῖδα,</em></span> <span class='ocrx_word' id='word_1_145' title='bbox 732 1754 785 1813; x_wconf 87' lang='lat' dir='ltr'><strong>sed</strong></span> <span class='ocrx_word' id='word_1_146' title='bbox 806 1752 971 1828; x_wconf 80' lang='lat' dir='ltr'><strong>famulam,</strong></span> <span class='ocrx_word' id='word_1_147' title='bbox 995 1764 1047 1813; x_wconf 88' lang='lat' dir='ltr'><strong>aut</strong></span> <span class='ocrx_word' id='word_1_148' title='bbox 1068 1772 1086 1811; x_wconf 91' lang='lat' dir='ltr'><strong>e</strong></span> <span class='ocrx_word' id='word_1_149' title='bbox 1105 1754 1188 1813; x_wconf 88' lang='lat' dir='ltr'><strong>sami·</strong></span> 
     </span>
     <span class='ocr_line' id='line_1_19' title="bbox 114 1833 1188 1909; baseline 0.002 -16"><span class='ocrx_word' id='word_1_150' title='bbox 114 1836 122 1849; x_wconf 88' lang='lat'><strong><em>‘</em></strong></span> <span class='ocrx_word' id='word_1_151' title='bbox 163 1833 231 1895; x_wconf 89' lang='lat' dir='ltr'><strong>ibus</strong></span> <span class='ocrx_word' id='word_1_152' title='bbox 250 1855 369 1909; x_wconf 85' lang='grc'><strong>111111111,</strong></span> <span class='ocrx_word' id='word_1_153' title='bbox 397 1835 429 1897; x_wconf 87' lang='lat' dir='ltr'><strong>in</strong></span> <span class='ocrx_word' id='word_1_154' title='bbox 458 1834 564 1896; x_wconf 82' lang='lat' dir='ltr'><strong>ordine</strong></span> <span class='ocrx_word' id='word_1_155' title='bbox 591 1839 654 1896; x_wconf 83' lang='lat' dir='ltr'><strong>sive</strong></span> <span class='ocrx_word' id='word_1_156' title='bbox 674 1836 777 1896; x_wconf 84' lang='lat' dir='ltr'><strong>schola</strong></span> <span class='ocrx_word' id='word_1_157' title='bbox 799 1836 1032 1896; x_wconf 88' lang='lat' dir='ltr'><strong>domesticorum</strong></span> <span class='ocrx_word' id='word_1_158' title='bbox 1055 1834 1188 1895; x_wconf 88' lang='lat' dir='ltr'><strong>militan-</strong></span> 
     </span>
     <span class='ocr_line' id='line_1_20' title="bbox 97 1917 1190 1999; baseline 0.003 -23"><span class='ocrx_word' id='word_1_159' title='bbox 97 1927 187 1995; x_wconf 87' lang='lat' dir='ltr'><strong>tem,</strong></span> <span class='ocrx_word' id='word_1_160' title='bbox 214 1927 245 1977; x_wconf 89' lang='lat' dir='ltr'><strong>et</strong></span> <span class='ocrx_word' id='word_1_161' title='bbox 274 1917 313 1977; x_wconf 87' lang='lat' dir='ltr'><strong>ad</strong></span> <span class='ocrx_word' id='word_1_162' title='bbox 343 1938 518 1999; x_wconf 77' lang='lat' dir='ltr'><strong>generosam</strong></span> <span class='ocrx_word' id='word_1_163' title='bbox 540 1918 678 1979; x_wconf 85' lang='lat' dir='ltr'><strong>Gerontii</strong></span> <span class='ocrx_word' id='word_1_164' title='bbox 706 1940 776 1979; x_wconf 92' lang='lat' dir='ltr'><strong>cum</strong></span> <span class='ocrx_word' id='word_1_165' title='bbox 799 1940 892 1979; x_wconf 83' lang='lat' dir='ltr'><strong>uxore</strong></span> <span class='ocrx_word' id='word_1_166' title='bbox 923 1918 1100 1977; x_wconf 85' lang='lat' dir='ltr'><strong>Nonnccbia</strong></span> <span class='ocrx_word' id='word_1_167' title='bbox 1124 1918 1190 1979; x_wconf 85' lang='lat' dir='ltr'><strong>sive</strong></span> 
     </span>
     <span class='ocr_line' id='line_1_21' title="bbox 95 1999 1188 2082; baseline 0 -22"><span class='ocrx_word' id='word_1_168' title='bbox 95 1999 254 2060; x_wconf 85' lang='lat' dir='ltr'><strong>Nunicbia</strong></span> <span class='ocrx_word' id='word_1_169' title='bbox 281 2010 311 2059; x_wconf 91' lang='lat' dir='ltr'><strong>et</strong></span> <span class='ocrx_word' id='word_1_170' title='bbox 330 1999 432 2061; x_wconf 84' lang='lat' dir='ltr'><strong>Alano</strong></span> <span class='ocrx_word' id='word_1_171' title='bbox 463 2000 595 2082; x_wconf 89' lang='lat' dir='ltr'><strong>quodam</strong></span> <span class='ocrx_word' id='word_1_172' title='bbox 629 2001 724 2061; x_wconf 91' lang='lat' dir='ltr'><strong>milite</strong></span> <span class='ocrx_word' id='word_1_173' title='bbox 743 2012 872 2063; x_wconf 88' lang='lat' dir='ltr'><strong>mortem</strong></span> <span class='ocrx_word' id='word_1_174' title='bbox 894 2001 1064 2082; x_wconf 90' lang='lat' dir='ltr'><strong>pertinent,</strong></span> <span class='ocrx_word' id='word_1_175' title='bbox 1085 2012 1188 2060; x_wconf 87' lang='lat' dir='ltr'><strong>mutu-</strong></span> 
     </span>
     <span class='ocr_line' id='line_1_22' title="bbox 96 2080 1189 2166; baseline 0.004 -25"><span class='ocrx_word' id='word_1_176' title='bbox 96 2082 182 2141; x_wconf 90' lang='lat' dir='ltr'><strong>anda</strong></span> <span class='ocrx_word' id='word_1_177' title='bbox 214 2080 325 2143; x_wconf 88' lang='lat' dir='ltr'><strong>suadeo</strong></span> <span class='ocrx_word' id='word_1_178' title='bbox 352 2104 387 2143; x_wconf 85' lang='lat' dir='ltr'><strong>ex</strong></span> <span class='ocrx_word' id='word_1_179' title='bbox 412 2084 523 2145; x_wconf 88' lang='lat' dir='ltr'><strong>Orosio</strong></span> <span class='ocrx_word' id='word_1_180' title='bbox 541 2086 639 2165; x_wconf 89' lang='lat' dir='ltr'><strong>capite</strong></span> <span class='ocrx_word' id='word_1_181' title='bbox 657 2086 824 2165; x_wconf 89' lang='lat' dir='ltr'><strong>penultimo</strong></span> <span class='ocrx_word' id='word_1_182' title='bbox 850 2084 919 2144; x_wconf 90' lang='lat' dir='ltr'><strong>libri</strong></span> <span class='ocrx_word' id='word_1_183' title='bbox 943 2104 994 2166; x_wconf 79' lang='lat'><strong>7.,</strong></span> <span class='ocrx_word' id='word_1_184' title='bbox 1023 2106 1057 2145; x_wconf 87' lang='lat' dir='ltr'><strong>ex</strong></span> <span class='ocrx_word' id='word_1_185' title='bbox 1080 2084 1189 2145; x_wconf 85' lang='lat' dir='ltr'><strong>Renati</strong></span> 
     </span>
     <span class='ocr_line' id='line_1_23' title="bbox 97 2165 1188 2249; baseline 0.002 -24"><span class='ocrx_word' id='word_1_186' title='bbox 97 2165 262 2226; x_wconf 83' lang='lat' dir='ltr'><strong>Profuturi</strong></span> <span class='ocrx_word' id='word_1_187' title='bbox 281 2167 432 2247; x_wconf 79' lang='lat' dir='ltr'><strong>Frigeridi</strong></span> <span class='ocrx_word' id='word_1_188' title='bbox 452 2166 639 2249; x_wconf 82' lang='lat' dir='ltr'><strong>fragmento,</strong></span> <span class='ocrx_word' id='word_1_189' title='bbox 659 2189 695 2229; x_wconf 84' lang='lat' dir='ltr'><strong>ex</strong></span> <span class='ocrx_word' id='word_1_190' title='bbox 716 2166 869 2229; x_wconf 89' lang='lat' dir='ltr'><strong>Miscellae</strong></span> <span class='ocrx_word' id='word_1_191' title='bbox 890 2167 1032 2227; x_wconf 91' lang='lat' dir='ltr'><strong>historiae</strong></span> <span class='ocrx_word' id='word_1_192' title='bbox 1048 2166 1126 2227; x_wconf 89' lang='lat' dir='ltr'><strong>libro</strong></span> <span class='ocrx_word' id='word_1_193' title='bbox 1139 2166 1188 2246; x_wconf 78' lang='lat' dir='ltr'><strong>¹l·</strong></span> 
     </span>
     <span class='ocr_line' id='line_1_24' title="bbox 98 2233 1269 2333; baseline 0 -25"><span class='ocrx_word' id='word_1_194' title='bbox 98 2247 247 2331; x_wconf 84' lang='lat' dir='ltr'><strong>aliisque,</strong></span> <span class='ocrx_word' id='word_1_195' title='bbox 268 2249 378 2331; x_wconf 89' lang='lat' dir='ltr'><strong>quibus</strong></span> <span class='ocrx_word' id='word_1_196' title='bbox 405 2250 495 2331; x_wconf 85' lang='lat' dir='ltr'><strong>longe</strong></span> <span class='ocrx_word' id='word_1_197' title='bbox 526 2250 654 2311; x_wconf 85' lang='lat' dir='ltr'><strong>certiora</strong></span> <span class='ocrx_word' id='word_1_198' title='bbox 685 2260 716 2309; x_wconf 91' lang='lat' dir='ltr'><strong>ct</strong></span> <span class='ocrx_word' id='word_1_199' title='bbox 737 2251 878 2310; x_wconf 87' lang='lat' dir='ltr'><strong>uberiora</strong></span> <span class='ocrx_word' id='word_1_200' title='bbox 900 2252 1018 2333; x_wconf 80' lang='lat' dir='ltr'><strong>scripsit</strong></span> <span class='ocrx_word' id='word_1_201' title='bbox 1038 2250 1178 2310; x_wconf 77' lang='grc'><strong>50101111-</strong></span> <span class='ocrx_word' id='word_1_202' title='bbox 1187 2233 1215 2308; x_wconf 68' lang='lat' dir='ltr'><strong>ll.</strong></span> <span class='ocrx_word' id='word_1_203' title='bbox 1234 2254 1269 2324; x_wconf 72' lang='lat'><strong>94</strong></span> 
     </span>
     <span class='ocr_line' id='line_1_25' title="bbox 96 2330 1164 2416; baseline 0.001 -24"><span class='ocrx_word' id='word_1_204' title='bbox 96 2351 161 2393; x_wconf 87' lang='lat' dir='ltr'><strong>nus</strong></span> <span class='ocrx_word' id='word_1_205' title='bbox 179 2332 235 2391; x_wconf 85' lang='lat' dir='ltr'><strong>lib.</strong></span> <span class='ocrx_word' id='word_1_206' title='bbox 246 2354 278 2415; x_wconf 87' lang='lat'><strong>9.</strong></span> <span class='ocrx_word' id='word_1_207' title='bbox 298 2354 366 2411; x_wconf 90' lang='lat' dir='ltr'><strong>cap.</strong></span> <span class='ocrx_word' id='word_1_208' title='bbox 387 2335 433 2394; x_wconf 82' lang='grc'><strong>13.</strong></span> <span class='ocrx_word' id='word_1_209' title='bbox 463 2344 495 2392; x_wconf 91' lang='lat' dir='ltr'><strong>et</strong></span> <span class='ocrx_word' id='word_1_210' title='bbox 513 2334 679 2393; x_wconf 83' lang='lat' dir='ltr'><strong>narrationi</strong></span> <span class='ocrx_word' id='word_1_211' title='bbox 702 2333 914 2416; x_wconf 86' lang='lat' dir='ltr'><strong>Olympiodori</strong></span> <span class='ocrx_word' id='word_1_212' title='bbox 935 2334 1030 2413; x_wconf 88' lang='lat' dir='ltr'><strong>magis</strong></span> <span class='ocrx_word' id='word_1_213' title='bbox 1053 2330 1164 2393; x_wconf 84' lang='lat' dir='ltr'><strong>affinia.</strong></span> 
     </span>
     <span class='ocr_line' id='line_1_26' title="bbox 185 2413 1187 2498; baseline 0 -23"><span class='ocrx_word' id='word_1_214' title='bbox 185 2414 264 2496; x_wconf 80' lang='lat' dir='ltr'><strong>Pag.</strong></span> <span class='ocrx_word' id='word_1_215' title='bbox 280 2413 313 2475; x_wconf 90' lang='grc'><strong>6.</strong></span> <span class='ocrx_word' id='word_1_216' title='bbox 323 2416 363 2480; x_wconf 88' lang='lat' dir='ltr'><strong>D.</strong></span> <span class='ocrx_word' id='word_1_217' title='bbox 385 2414 553 2498; x_wconf 53' lang='grc'><strong>[15111]</strong></span> <span class='ocrx_word' id='word_1_218' title='bbox 578 2417 782 2477; x_wconf 79' lang='lat' dir='ltr'><strong>Constantinus</strong></span> <span class='ocrx_word' id='word_1_219' title='bbox 791 2417 914 2477; x_wconf 78' lang='lat' dir='ltr'><strong>Arelate</strong></span> <span class='ocrx_word' id='word_1_220' title='bbox 923 2417 1048 2475; x_wconf 72' lang='lat' dir='ltr'><strong>obsessio</strong></span> <span class='ocrx_word' id='word_1_221' title='bbox 1061 2416 1105 2475; x_wconf 86' lang='lat' dir='ltr'><strong>ad</strong></span> <span class='ocrx_word' id='word_1_222' title='bbox 1120 2429 1187 2475; x_wconf 87' lang='lat' dir='ltr'><strong>tem-</strong></span> 
     </span>
     <span class='ocr_line' id='line_1_27' title="bbox 95 2498 1282 2582; baseline 0.001 -24"><span class='ocrx_word' id='word_1_223' title='bbox 95 2499 186 2582; x_wconf 81' lang='lat' dir='ltr'><strong>plum</strong></span> <span class='ocrx_word' id='word_1_224' title='bbox 206 2499 375 2578; x_wconf 74' lang='lat' dir='ltr'><strong>oorfisgiens</strong></span> <span class='ocrx_word' id='word_1_225' title='bbox 387 2499 524 2559; x_wconf 82' lang='lat' dir='ltr'><strong>sacerdos</strong></span> <span class='ocrx_word' id='word_1_226' title='bbox 548 2500 715 2559; x_wconf 68' lang='lat' dir='ltr'><strong>ordinatim</strong></span> <span class='ocrx_word' id='word_1_227' title='bbox 766 2498 960 2559; x_wconf 83' lang='lat' dir='ltr'><strong>Marcellinus</strong></span> <span class='ocrx_word' id='word_1_228' title='bbox 983 2501 1012 2559; x_wconf 89' lang='lat' dir='ltr'><strong>in</strong></span> <span class='ocrx_word' id='word_1_229' title='bbox 1035 2498 1187 2559; x_wconf 75' lang='lat' dir='ltr'><strong>Chronico</strong></span> <span class='ocrx_word' id='word_1_230' title='bbox 1279 2537 1282 2545; x_wconf 90' lang='lat'>·</span> 
     </span>
     <span class='ocr_line' id='line_1_28' title="bbox 100 2580 1188 2663; baseline 0.001 -22"><span class='ocrx_word' id='word_1_231' title='bbox 100 2582 316 2641; x_wconf 87' lang='lat' dir='ltr'><strong>Constantium</strong></span> <span class='ocrx_word' id='word_1_232' title='bbox 330 2580 412 2661; x_wconf 91' lang='lat' dir='ltr'><strong>apud</strong></span> <span class='ocrx_word' id='word_1_233' title='bbox 424 2581 593 2655; x_wconf 85' lang='lat' dir='ltr'><strong>Arelatem,</strong></span> <span class='ocrx_word' id='word_1_234' title='bbox 616 2582 712 2642; x_wconf 88' lang='lat' dir='ltr'><strong>lilium</strong></span> <span class='ocrx_word' id='word_1_235' title='bbox 727 2602 800 2643; x_wconf 82' lang='lat' dir='ltr'><strong>vero</strong></span> <span class='ocrx_word' id='word_1_236' title='bbox 822 2586 886 2643; x_wconf 88' lang='lat' dir='ltr'><strong>eius</strong></span> <span class='ocrx_word' id='word_1_237' title='bbox 897 2583 1091 2641; x_wconf 86' lang='lat' dir='ltr'><strong>Constantem</strong></span> <span class='ocrx_word' id='word_1_238' title='bbox 1105 2583 1188 2663; x_wconf 87' lang='lat' dir='ltr'><strong>apud</strong></span> 
     </span>
     <span class='ocr_line' id='line_1_29' title="bbox 98 2662 1187 2745; baseline 0.002 -23"><span class='ocrx_word' id='word_1_239' title='bbox 98 2664 253 2723; x_wconf 86' lang='lat' dir='ltr'><strong>Viennam</strong></span> <span class='ocrx_word' id='word_1_240' title='bbox 282 2665 380 2744; x_wconf 83' lang='lat' dir='ltr'><strong>capite</strong></span> <span class='ocrx_word' id='word_1_241' title='bbox 412 2662 534 2743; x_wconf 86' lang='lat' dir='ltr'><strong>plcxum</strong></span> <span class='ocrx_word' id='word_1_242' title='bbox 565 2667 680 2723; x_wconf 84' lang='lat' dir='ltr'><strong>asserit.</strong></span> <span class='ocrx_word' id='word_1_243' title='bbox 725 2666 813 2741; x_wconf 87' lang='lat' dir='ltr'><strong>Quae</strong></span> <span class='ocrx_word' id='word_1_244' title='bbox 841 2684 860 2723; x_wconf 88' lang='lat' dir='ltr'><strong>e</strong></span> <span class='ocrx_word' id='word_1_245' title='bbox 885 2665 1031 2723; x_wconf 83' lang='lat' dir='ltr'><strong>diaruetro</strong></span> <span class='ocrx_word' id='word_1_246' title='bbox 1051 2675 1187 2745; x_wconf 85' lang='lat' dir='ltr'><strong>pugnant</strong></span> 
     </span>
     <span class='ocr_line' id='line_1_30' title="bbox 96 2742 1189 2910; baseline -0.001 -20"><span class='ocrx_word' id='word_1_247' title='bbox 96 2745 754 2910; x_wconf 48' lang='lat' dir='ltr'><strong>iaiaiiisiiiaffyddliii&#39;iiiiffliri</strong></span> <span class='ocrx_word' id='word_1_248' title='bbox 768 2742 1189 2909; x_wconf 63' lang='lat' dir='ltr'><strong>“tttttitlttttt</strong></span> 
     </span>
     <span class='ocr_line' id='line_1_31' title="bbox 569 2872 977 2909; baseline 0.007 -3"><span class='ocrx_word' id='word_1_249' title='bbox 569 2872 578 2906; x_wconf 78' lang='grc'><strong>1</strong></span> <span class='ocrx_word' id='word_1_250' title='bbox 758 2873 767 2903; x_wconf 70' lang='lat' dir='ltr'><strong>l</strong></span> <span class='ocrx_word' id='word_1_251' title='bbox 976 2903 977 2909; x_wconf 69' lang='grc'>,</span> 
     </span>
     <span class='ocr_line' id='line_1_32' title="bbox 97 2910 1188 2994; baseline -0.004 -21"><span class='ocrx_word' id='word_1_252' title='bbox 97 2913 233 2994; x_wconf 86' lang='lat' dir='ltr'><strong>scripsit.</strong></span> <span class='ocrx_word' id='word_1_253' title='bbox 276 2910 391 2971; x_wconf 83' lang='lat' dir='ltr'><strong>Idatius</strong></span> <span class='ocrx_word' id='word_1_254' title='bbox 416 2914 448 2971; x_wconf 92' lang='lat' dir='ltr'><strong>in</strong></span> <span class='ocrx_word' id='word_1_255' title='bbox 468 2912 586 2974; x_wconf 84' lang='lat' dir='ltr'><strong>Fastis:</strong></span> <span class='ocrx_word' id='word_1_256' title='bbox 621 2910 807 2971; x_wconf 77' lang='lat' dir='ltr'><strong>Constantini</strong></span> <span class='ocrx_word' id='word_1_257' title='bbox 830 2912 955 2989; x_wconf 67' lang='lat' dir='ltr'><strong>tyranni</strong></span> <span class='ocrx_word' id='word_1_258' title='bbox 983 2912 1016 2969; x_wconf 84' lang='lat' dir='ltr'><strong>in</strong></span> <span class='ocrx_word' id='word_1_259' title='bbox 1037 2924 1188 2969; x_wconf 76' lang='lat' dir='ltr'><strong>conloca·</strong></span> 
     </span>
     <span class='ocr_line' id='line_1_33' title="bbox 91 2988 1187 3082; baseline -0.003 -26"><span class='ocrx_word' id='word_1_260' title='bbox 91 3010 156 3082; x_wconf 82' lang='lat' dir='ltr'><strong>put</strong></span> <span class='ocrx_word' id='word_1_261' title='bbox 176 2996 377 3073; x_wconf 70' lang='lat' dir='ltr'><strong>aHaamsfirit</strong></span> <span class='ocrx_word' id='word_1_262' title='bbox 402 2994 451 3055; x_wconf 89' lang='grc'><strong>16.</strong></span> <span class='ocrx_word' id='word_1_263' title='bbox 481 2994 556 3054; x_wconf 89' lang='lat' dir='ltr'><strong>Kal.</strong></span> <span class='ocrx_word' id='word_1_264' title='bbox 585 2994 716 3065; x_wconf 72' lang='lat' dir='ltr'><strong>Octod,</strong></span> <span class='ocrx_word' id='word_1_265' title='bbox 756 2992 920 3053; x_wconf 75' lang='lat' dir='ltr'><strong>Theodosio</strong></span> <span class='ocrx_word' id='word_1_266' title='bbox 935 2988 1015 3071; x_wconf 79' lang='lat' dir='ltr'><strong>Arrg.</strong></span> <span class='ocrx_word' id='word_1_267' title='bbox 1031 2992 1094 3050; x_wconf 93' lang='lat' dir='ltr'><strong>IV.</strong></span> <span class='ocrx_word' id='word_1_268' title='bbox 1109 2993 1187 3053; x_wconf 84' lang='lat' dir='ltr'><strong>Con-</strong></span> 
     </span>
     <span class='ocr_line' id='line_1_34' title="bbox 96 3074 1189 3159; baseline -0.002 -20"><span class='ocrx_word' id='word_1_269' title='bbox 96 3078 185 3156; x_wconf 78' lang='lat' dir='ltr'><strong>sule,</strong></span> <span class='ocrx_word' id='word_1_270' title='bbox 214 3078 267 3139; x_wconf 86' lang='lat' dir='ltr'><strong>sed</strong></span> <span class='ocrx_word' id='word_1_271' title='bbox 302 3076 403 3137; x_wconf 90' lang='lat' dir='ltr'><strong>locum</strong></span> <span class='ocrx_word' id='word_1_272' title='bbox 424 3078 610 3159; x_wconf 88' lang='lat' dir='ltr'><strong>modumque</strong></span> <span class='ocrx_word' id='word_1_273' title='bbox 638 3077 720 3137; x_wconf 89' lang='lat' dir='ltr'><strong>necis</strong></span> <span class='ocrx_word' id='word_1_274' title='bbox 739 3096 801 3135; x_wconf 92' lang='lat' dir='ltr'><strong>non</strong></span> <span class='ocrx_word' id='word_1_275' title='bbox 829 3077 935 3155; x_wconf 79' lang='lat' dir='ltr'><strong>aperit.</strong></span> <span class='ocrx_word' id='word_1_276' title='bbox 979 3074 1013 3135; x_wconf 91' lang='lat' dir='ltr'><strong>lu</strong></span> <span class='ocrx_word' id='word_1_277' title='bbox 1036 3075 1189 3137; x_wconf 85' lang='lat' dir='ltr'><strong>Chronico</strong></span> 
     </span>
     <span class='ocr_line' id='line_1_35' title="bbox 93 3158 1188 3236; baseline -0.005 -14"><span class='ocrx_word' id='word_1_278' title='bbox 93 3164 184 3222; x_wconf 85' lang='lat' dir='ltr'><strong>intra</strong></span> <span class='ocrx_word' id='word_1_279' title='bbox 204 3160 318 3221; x_wconf 85' lang='lat' dir='ltr'><strong>Gallias</strong></span> <span class='ocrx_word' id='word_1_280' title='bbox 337 3158 469 3221; x_wconf 88' lang='lat' dir='ltr'><strong>occisum</strong></span> <span class='ocrx_word' id='word_1_281' title='bbox 503 3172 651 3221; x_wconf 87' lang='lat' dir='ltr'><strong>memorat</strong></span> <span class='ocrx_word' id='word_1_282' title='bbox 679 3158 719 3219; x_wconf 90' lang='lat' dir='ltr'><strong>ab</strong></span> <span class='ocrx_word' id='word_1_283' title='bbox 742 3158 871 3219; x_wconf 90' lang='lat' dir='ltr'><strong>Honorii</strong></span> <span class='ocrx_word' id='word_1_284' title='bbox 893 3158 970 3217; x_wconf 89' lang='lat' dir='ltr'><strong>duce</strong></span> <span class='ocrx_word' id='word_1_285' title='bbox 991 3158 1188 3236; x_wconf 86' lang='lat' dir='ltr'><strong>Constantio,</strong></span> 
     </span>
     <span class='ocr_line' id='line_1_36' title="bbox 96 3240 1287 3325; baseline -0.005 -19"><span class='ocrx_word' id='word_1_286' title='bbox 96 3256 225 3325; x_wconf 81' lang='lat' dir='ltr'><strong>captum</strong></span> <span class='ocrx_word' id='word_1_287' title='bbox 244 3244 346 3303; x_wconf 84' lang='lat' dir='ltr'><strong>dicere</strong></span> <span class='ocrx_word' id='word_1_288' title='bbox 366 3243 522 3304; x_wconf 89' lang='lat' dir='ltr'><strong>debuerat.</strong></span> <span class='ocrx_word' id='word_1_289' title='bbox 565 3244 695 3323; x_wconf 89' lang='lat' dir='ltr'><strong>Propius</strong></span> <span class='ocrx_word' id='word_1_290' title='bbox 715 3262 780 3302; x_wconf 89' lang='lat' dir='ltr'><strong>rem</strong></span> <span class='ocrx_word' id='word_1_291' title='bbox 803 3242 900 3322; x_wconf 81' lang='lat' dir='ltr'><strong>attigit</strong></span> <span class='ocrx_word' id='word_1_292' title='bbox 920 3241 1051 3321; x_wconf 84' lang='lat' dir='ltr'><strong>Prosper</strong></span> <span class='ocrx_word' id='word_1_293' title='bbox 1068 3242 1103 3313; x_wconf 56' lang='lat' dir='ltr'><strong>,iu</strong></span> <span class='ocrx_word' id='word_1_294' title='bbox 1127 3240 1190 3301; x_wconf 77' lang='lat' dir='ltr'><strong>Fa·</strong></span> <span class='ocrx_word' id='word_1_295' title='bbox 1281 3308 1287 3325; x_wconf 52' lang='lat'>‚</span> 
     </span>
     <span class='ocr_line' id='line_1_37' title="bbox 96 3322 1189 3409; baseline -0.005 -20"><span class='ocrx_word' id='word_1_296' title='bbox 96 3330 176 3389; x_wconf 83' lang='lat' dir='ltr'><strong>stis:</strong></span> <span class='ocrx_word' id='word_1_297' title='bbox 200 3327 403 3387; x_wconf 83' lang='lat' dir='ltr'><strong>Constantinus</strong></span> <span class='ocrx_word' id='word_1_298' title='bbox 423 3348 482 3409; x_wconf 84' lang='lat' dir='ltr'><strong>per</strong></span> <span class='ocrx_word' id='word_1_299' title='bbox 503 3326 637 3387; x_wconf 76' lang='lat' dir='ltr'><strong>Honon&#39;s&#39;</strong></span> <span class='ocrx_word' id='word_1_300' title='bbox 655 3326 742 3385; x_wconf 83' lang='lat' dir='ltr'><strong>duces</strong></span> <span class='ocrx_word' id='word_1_301' title='bbox 759 3325 996 3395; x_wconf 76' lang='lat' dir='ltr'><strong>Coracarttinnm,</strong></span> <span class='ocrx_word' id='word_1_302' title='bbox 1021 3322 1095 3405; x_wconf 84' lang='lat' dir='ltr'><strong>(lege</strong></span> <span class='ocrx_word' id='word_1_303' title='bbox 1111 3324 1189 3384; x_wconf 86' lang='lat' dir='ltr'><strong>Con-</strong></span> 
     </span>
     <span class='ocr_line' id='line_1_38' title="bbox 95 3406 1189 3493; baseline -0.005 -21"><span class='ocrx_word' id='word_1_304' title='bbox 95 3411 274 3486; x_wconf 58' lang='lat' dir='ltr'><strong>stantinam)</strong></span> <span class='ocrx_word' id='word_1_305' title='bbox 290 3424 319 3469; x_wconf 86' lang='lat' dir='ltr'><strong>et</strong></span> <span class='ocrx_word' id='word_1_306' title='bbox 346 3408 378 3469; x_wconf 87' lang='lat' dir='ltr'><strong><em>U</em></strong></span> <span class='ocrx_word' id='word_1_307' title='bbox 406 3411 500 3469; x_wconf 78' lang='lat' dir='ltr'><strong>hilam</strong></span> <span class='ocrx_word' id='word_1_308' title='bbox 523 3409 606 3493; x_wconf 79' lang='lat' dir='ltr'><strong>apud</strong></span> <span class='ocrx_word' id='word_1_309' title='bbox 624 3408 796 3468; x_wconf 76' lang='lat' dir='ltr'><strong>Arelaterne</strong></span> <span class='ocrx_word' id='word_1_310' title='bbox 813 3406 955 3491; x_wconf 79' lang='lat' dir='ltr'><strong>oppidaean</strong></span> <span class='ocrx_word' id='word_1_311' title='bbox 971 3408 1064 3466; x_wconf 75' lang='lat' dir='ltr'><strong>vicus</strong></span> <span class='ocrx_word' id='word_1_312' title='bbox 1084 3418 1114 3466; x_wconf 88' lang='lat' dir='ltr'><strong>et</strong></span> <span class='ocrx_word' id='word_1_313' title='bbox 1136 3429 1189 3467; x_wconf 86' lang='lat' dir='ltr'><strong>ca·</strong></span> 
     </span>
     <span class='ocr_line' id='line_1_39' title="bbox 93 3490 1189 3632; baseline -0.002 -79"><span class='ocrx_word' id='word_1_314' title='bbox 93 3506 172 3579; x_wconf 75' lang='lat' dir='ltr'><strong>pars</strong></span> <span class='ocrx_word' id='word_1_315' title='bbox 185 3506 244 3565; x_wconf 81' lang='lat' dir='ltr'><strong>est,</strong></span> <span class='ocrx_word' id='word_1_316' title='bbox 261 3493 357 3577; x_wconf 66' lang='lat' dir='ltr'><strong>cuins⁸</strong></span> <span class='ocrx_word' id='word_1_317' title='bbox 404 3494 410 3506; x_wconf 94' lang='lat'>&#39;</span> <span class='ocrx_word' id='word_1_318' title='bbox 446 3492 656 3552; x_wconf 70' lang='lat' dir='ltr'><strong>rihrntantem</strong></span> <span class='ocrx_word' id='word_1_319' title='bbox 674 3495 707 3550; x_wconf 84' lang='lat' dir='ltr'><strong>in</strong></span> <span class='ocrx_word' id='word_1_320' title='bbox 729 3490 882 3632; x_wconf 45' lang='lat' dir='ltr'><strong>wareto</strong></span> <span class='ocrx_word' id='word_1_321' title='bbox 903 3510 1028 3571; x_wconf 78' lang='lat' dir='ltr'><strong>regnare</strong></span> <span class='ocrx_word' id='word_1_322' title='bbox 1050 3510 1189 3551; x_wconf 74' lang='lat' dir='ltr'><strong>exorswn</strong></span> 
     </span>
     <span class='ocr_line' id='line_1_40' title="bbox 97 3572 1188 3658; baseline -0.005 -21"><span class='ocrx_word' id='word_1_323' title='bbox 97 3576 263 3637; x_wconf 59' lang='lat' dir='ltr'><strong>Geronton</strong></span> <span class='ocrx_word' id='word_1_324' title='bbox 285 3575 407 3648; x_wconf 83' lang='lat' dir='ltr'><strong>Contes,</strong></span> <span class='ocrx_word' id='word_1_325' title='bbox 440 3576 472 3635; x_wconf 87' lang='lat' dir='ltr'><strong>in</strong></span> <span class='ocrx_word' id='word_1_326' title='bbox 496 3574 668 3635; x_wconf 77' lang='lat' dir='ltr'><strong>Maximum</strong></span> <span class='ocrx_word' id='word_1_327' title='bbox 688 3596 743 3658; x_wconf 80' lang='lat' dir='ltr'><strong>qne</strong></span> <span class='ocrx_word' id='word_1_328' title='bbox 794 3595 844 3631; x_wconf 88' lang='lat' dir='ltr'><strong>am</strong></span> <span class='ocrx_word' id='word_1_329' title='bbox 860 3572 1046 3650; x_wconf 68' lang='lat' dir='ltr'><strong>tyrannidem</strong></span> <span class='ocrx_word' id='word_1_330' title='bbox 1062 3586 1188 3632; x_wconf 83' lang='lat' dir='ltr'><strong>transe-</strong></span> 
     </span>
     <span class='ocr_line' id='line_1_41' title="bbox 99 3654 1189 3739; baseline -0.007 -18"><span class='ocrx_word' id='word_1_331' title='bbox 99 3680 184 3733; x_wconf 80' lang='lat' dir='ltr'><strong>rens,</strong></span> <span class='ocrx_word' id='word_1_332' title='bbox 206 3660 399 3719; x_wconf 82' lang='lat' dir='ltr'><strong>interemerat.</strong></span> <span class='ocrx_word' id='word_1_333' title='bbox 443 3659 577 3718; x_wconf 89' lang='lat' dir='ltr'><strong>Renatus</strong></span> <span class='ocrx_word' id='word_1_334' title='bbox 597 3654 772 3739; x_wconf 80' lang='lat' dir='ltr'><strong>Frigeridus</strong></span> <span class='ocrx_word' id='word_1_335' title='bbox 784 3655 1014 3715; x_wconf 84' lang='lat' dir='ltr'><strong>Constantinum</strong></span> <span class='ocrx_word' id='word_1_336' title='bbox 1037 3655 1119 3714; x_wconf 91' lang='lat' dir='ltr'><strong>bunc</strong></span> <span class='ocrx_word' id='word_1_337' title='bbox 1139 3679 1189 3737; x_wconf 75' lang='lat' dir='ltr'><strong>sn-</strong></span> 
     </span>
     <span class='ocr_line' id='line_1_42' title="bbox 92 3735 1190 3828; baseline -0.002 -26"><span class='ocrx_word' id='word_1_338' title='bbox 92 3764 162 3828; x_wconf 83' lang='lat' dir='ltr'><strong>pra</strong></span> <span class='ocrx_word' id='word_1_339' title='bbox 176 3742 321 3801; x_wconf 71' lang='lat' dir='ltr'><strong>liliorum»</strong></span> <span class='ocrx_word' id='word_1_340' title='bbox 329 3738 460 3824; x_wconf 74' lang='lat' dir='ltr'><strong>fhanen,</strong></span> <span class='ocrx_word' id='word_1_341' title='bbox 485 3741 624 3801; x_wconf 89' lang='lat' dir='ltr'><strong>immissis</strong></span> <span class='ocrx_word' id='word_1_342' title='bbox 644 3738 816 3820; x_wconf 88' lang='lat' dir='ltr'><strong>aPrincipe</strong></span> <span class='ocrx_word' id='word_1_343' title='bbox 836 3735 1071 3819; x_wconf 88' lang='lat' dir='ltr'><strong>percussoribus,</strong></span> <span class='ocrx_word' id='word_1_344' title='bbox 1092 3742 1190 3820; x_wconf 88' lang='lat' dir='ltr'><strong>capite</strong></span> 
     </span>
     <span class='ocr_line' id='line_1_43' title="bbox 97 3820 1190 3905; baseline -0.005 -19"><span class='ocrx_word' id='word_1_345' title='bbox 97 3836 279 3886; x_wconf 76' lang='lat' dir='ltr'><strong>truncmum</strong></span> <span class='ocrx_word' id='word_1_346' title='bbox 306 3823 483 3904; x_wconf 80' lang='lat' dir='ltr'><strong>profitetur,</strong></span> <span class='ocrx_word' id='word_1_347' title='bbox 513 3820 667 3905; x_wconf 86' lang='lat' dir='ltr'><strong>multaque</strong></span> <span class='ocrx_word' id='word_1_348' title='bbox 708 3820 768 3881; x_wconf 87' lang='lat' dir='ltr'><strong>alia</strong></span> <span class='ocrx_word' id='word_1_349' title='bbox 797 3820 899 3882; x_wconf 86' lang='lat' dir='ltr'><strong>subdit</strong></span> <span class='ocrx_word' id='word_1_350' title='bbox 921 3820 1040 3881; x_wconf 85' lang='lat' dir='ltr'><strong>Lectori</strong></span> <span class='ocrx_word' id='word_1_351' title='bbox 1071 3826 1190 3887; x_wconf 84' lang='lat' dir='ltr'><strong>curioso</strong></span> 
     </span>
     <span class='ocr_line' id='line_1_44' title="bbox 98 3907 341 3970; baseline -0.021 0"><span class='ocrx_word' id='word_1_352' title='bbox 98 3928 168 3970; x_wconf 88' lang='lat' dir='ltr'><strong>non</strong></span> <span class='ocrx_word' id='word_1_353' title='bbox 186 3907 341 3967; x_wconf 84' lang='lat' dir='ltr'><strong>obfutura.</strong></span> 
     </span>
    </p>
   </div>
   <div class='ocr_carea' id='block_1_3' title="bbox 188 3924 1277 4085">
    <p class='ocr_par' dir='ltr' id='par_1_3' title="bbox 188 3924 1277 4085">
     <span class='ocr_line' id='line_1_45' title="bbox 188 3924 1277 4085; baseline -0.002 -33"><span class='ocrx_word' id='word_1_354' title='bbox 188 3990 268 4071; x_wconf 87' lang='lat' dir='ltr'><strong>Pag.</strong></span> <span class='ocrx_word' id='word_1_355' title='bbox 293 3988 326 4049; x_wconf 89' lang='grc'><strong>6.</strong></span> <span class='ocrx_word' id='word_1_356' title='bbox 347 3984 544 4072; x_wconf 73' lang='grc'><strong>1).[151,1.]</strong></span> <span class='ocrx_word' id='word_1_357' title='bbox 567 3986 801 4069; x_wconf 79' lang='lat' dir='ltr'><strong>Cognatossnos.</strong></span> <span class='ocrx_word' id='word_1_358' title='bbox 840 3974 977 4048; x_wconf 85' lang='lat' dir='ltr'><strong>Zosimus</strong></span> <span class='ocrx_word' id='word_1_359' title='bbox 988 3962 1041 4048; x_wconf 92' lang='lat' dir='ltr'><strong>lib.</strong></span> <span class='ocrx_word' id='word_1_360' title='bbox 1058 3987 1090 4049; x_wconf 87' lang='grc'><strong>6.</strong></span> <span class='ocrx_word' id='word_1_361' title='bbox 1112 4010 1188 4085; x_wconf 79' lang='lat' dir='ltr'><strong>qua·</strong></span> <span class='ocrx_word' id='word_1_362' title='bbox 1263 3924 1277 3951; x_wconf 36' lang='lat' dir='ltr'><strong>i</strong></span> 
     </span>
    </p>
   </div>
   <div class='ocr_carea' id='block_1_4' title="bbox 97 4068 1190 4247">
    <p class='ocr_par' dir='ltr' id='par_1_4' title="bbox 97 4068 1190 4247">
     <span class='ocr_line' id='line_1_46' title="bbox 97 4068 1189 4152; baseline -0.003 -18"><span class='ocrx_word' id='word_1_363' title='bbox 97 4086 176 4136; x_wconf 81' lang='lat' dir='ltr'><strong>tuor</strong></span> <span class='ocrx_word' id='word_1_364' title='bbox 193 4071 372 4133; x_wconf 87' lang='lat' dir='ltr'><strong>nominatim</strong></span> <span class='ocrx_word' id='word_1_365' title='bbox 386 4071 522 4152; x_wconf 85' lang='lat' dir='ltr'><strong>designat</strong></span> <span class='ocrx_word' id='word_1_366' title='bbox 542 4092 577 4130; x_wconf 85' lang='lat' dir='ltr'><strong>ex</strong></span> <span class='ocrx_word' id='word_1_367' title='bbox 598 4068 763 4131; x_wconf 84' lang='lat' dir='ltr'><strong>Theodosii</strong></span> <span class='ocrx_word' id='word_1_368' title='bbox 778 4070 881 4152; x_wconf 83' lang='lat' dir='ltr'><strong>Magni</strong></span> <span class='ocrx_word' id='word_1_369' title='bbox 899 4068 1013 4131; x_wconf 84' lang='lat' dir='ltr'><strong>familia</strong></span> <span class='ocrx_word' id='word_1_370' title='bbox 1029 4070 1084 4132; x_wconf 87' lang='lat' dir='ltr'><strong>His</strong></span> <span class='ocrx_word' id='word_1_371' title='bbox 1105 4090 1189 4132; x_wconf 84' lang='lat' dir='ltr'><strong>amas</strong></span> 
     </span>
     <span class='ocr_line' id='line_1_47' title="bbox 98 4092 1190 4247; baseline -0.003 -29"><span class='ocrx_word' id='word_1_372' title='bbox 98 4177 161 4241; x_wconf 79' lang='lat' dir='ltr'><strong>pro</strong></span> <span class='ocrx_word' id='word_1_373' title='bbox 187 4153 324 4220; x_wconf 84' lang='lat' dir='ltr'><strong>Honorio</strong></span> <span class='ocrx_word' id='word_1_374' title='bbox 350 4154 495 4217; x_wconf 79' lang='lat' dir='ltr'><strong>adversus</strong></span> <span class='ocrx_word' id='word_1_375' title='bbox 524 4153 720 4217; x_wconf 66' lang='lat' dir='ltr'><strong>Gonsnntem</strong></span> <span class='ocrx_word' id='word_1_376' title='bbox 754 4152 887 4216; x_wconf 85' lang='lat' dir='ltr'><strong>collectis</strong></span> <span class='ocrx_word' id='word_1_377' title='bbox 914 4156 1024 4247; x_wconf 83' lang='lat' dir='ltr'><strong>raptim</strong></span> <span class='ocrx_word' id='word_1_378' title='bbox 1044 4092 1190 4219; x_wconf 82' lang='lat' dir='ltr'><strong>militibus</strong></span> 
     </span>
    </p>
   </div>
   <div class='ocr_carea' id='block_1_5' title="bbox 0 0 1532 4892">
    <p class='ocr_par' dir='ltr' id='par_1_5' title="bbox 0 0 1532 4892">
     <span class='ocr_line' id='line_1_48' title="bbox 0 0 1532 4892; baseline 0 0"><span class='ocrx_word' id='word_1_379' title='bbox 0 0 1532 4892; x_wconf 95' lang='lat' dir='ltr'><strong> </strong></span> 
     </span>
    </p>
   </div>
  </div>
 </body>
</html>
