3050 4892
523 241 818 310 rrurcmrcus.
1122 211 1206 327 tor

114 395 210 484 πρός
229 398 379 483 εύπορίαν
399 398 603 477 καθίσταται,
620 397 719 480 Ιμέγα
738 398 833 461 τοῦτο
846 395 912 458 ’καί
929 391 1073 478 λαμπρόν
1090 397 1137 471 είς
1156 394 1212 460 εύ-

115 499 246 579 τυχίαν
266 498 354 579 ἐμοί·
387 498 513 561 δέδοικα
537 499 572 561 δὲ
605 495 650 580 μή
677 500 715 583 τῇ
734 498 805 560 λίαν
816 494 975 579 ῦπερβολῇ
995 497 1051 559 καί
1066 496 1110 583 τῷ
1128 491 1209 579 πλή-

116 600 180 658 θει
209 596 273 659 τῶν
293 592 502 679 ὑπαρχόντων
531 595 762 677 καταπλαγείς,
788 594 845 657 ούκ
864 590 947 674 ἔχων
969 587 1031 675 ό,τι
1050 591 1210 677 χρήσομαι

115 700 193 768 τοῖς
215 696 394 777 παροῦσιν,
426 696 472 768 εἰς
498 692 641 780 ἀφωνίαν
668 690 856 774 μεταβάλλω
888 688 944 755 τόν
971 691 1126 770 πλοῦτον,
1155 696 1211 757 κατ’

92 787 342 875 5ιῖπορούμενσς
361 787 527 875 στήσομαι.
569 787 672 875 ὥσπερ
705 792 738 855 έν
766 792 897 872 λειμῶνι
928 790 1047 876 τερπνῷ
1065 790 1121 852 καί
1136 810 1209 853 noe-

113 892 213 971 κιλην
233 893 436 977 παρεχομένῳ
457 889 515 975 τήν
534 894 624 971 θέαν,
645 888 748 955 πάντα
770 892 830 970 μὲν
860 891 906 963 εἰς
934 886 1050 963 κάλλος,
1073 884 1208 973 όρᾶται·

114 986 134 1051 ῦ
163 990 203 1051 δέ
232 988 365 1073 θεατής,
387 991 513 1080 πόντων
535 985 651 1070 ὁμοιως
671 983 926 1075 εύφραινόντωι,
963 986 1020 1052 ode
1040 983 1124 1070 ἔχων
1148 980 1207 1065 ό,τι

114 1084 312 1171 προτιμήσει
331 1092 386 1153 καί
405 1091 576 1173 δρέψεται,
616 1087 740 1153 πάντων
769 1084 886 1168 ὁμοίως
905 1084 1097 1169 ἀπεχόμενος
1116 1085 1207 1169 ἕστη-
1236 1123 1240 1136 =

74 1286 295 1365 τοτολμοῦντες
316 1284 347 1349 οἱ
366 1284 452 1368 λόγοι
475 1290 529 1351 καί
548 1292 605 1352 νῦν
624 1286 740 1367 ὁμοίως
759 1284 993 1371 θρασύνονται,
1025 1282 1081 1348 καί
1098 1284 1205 1366 πηῦιῑι.

116 1408 172 1449 σιν
194 1382 353 1466 ἀτάκτως,
375 1384 431 1450 καί
461 1381 565 1469 ὥσπερ
587 1385 645 1470 dp'
677 1384 787 1471 ήδονής
814 1382 1024 1468 βακχεύοντες
1050 1379 1204 1466 πάρεισι,

114 1476 203 1571 τύχῃ
223 1486 343 1565 μᾶλλον
365 1476 386 1567 ἢ
405 1484 512 1573 γνούμῃ
527 1478 742 1571 θαρροῦντες,
760 1483 816 1548 καί
833 1489 896 1548 τεῦν
914 1479 1091 1565 μελλόντων
1111 1475 1204 1546 ούύὲν

115 1577 324 1666 λογιζόμενοι.
367 1577 444 1648 ὅθεν
463 1582 659 1668 τολμήσομέν
678 1608 710 1647 τι
730 1584 786 1647 κατ’
804 1580 891 1666 παρὰ
912 1579 1064 1662 δύναμιν,
1086 1573 1204 1664 οἷρκού·

115 1705 180 1747 σαν
200 1682 246 1757 εἰς
264 1679 451 1767 συγγνώμην
470 1680 528 1766 τήν
548 1686 731 1767 προθυμίαν
751 1683 1009 1765 προβεβλημένοι.

73 1788 116 1852 15
201 1776 240 1861 β’.
258 1792 263 1798 ’
282 1781 340 1844 Σοί
357 1778 419 1864 γὰρ
442 1776 546 1867 ιόσπερ
567 1780 588 1865 ή
608 1780 689 1864 τύχη
726 1780 829 1855 καλούς
858 1776 895 1843 τό
915 1781 1031 1859 μέλλον
1049 1800 1203 1859 μαντευο-

117 1881 218 1961 μένη,
247 1881 406 1961 πρέποντα
427 1876 527 1943 πάντα
547 1879 688 1963 παρέσχε
707 1882 747 1965 τῇ
775 1875 944 1958 Ῥωμαίων
962 1876 1127 1965 ἦγεμονίρι·
1149 1876 1206 1941 καί

120 1977 266 2061 πριῦτον,
287 1970 395 2061 ιῦσπερ
417 1974 506 2059 ἔδει,
534 1976 701 2061 χαριζεται
731 1976 871 2061 πατρίῦα
895 1977 1032 2041 νικῶσαν
1062 1971 1120 2059 τήν
1139 1976 1203 2039 ταῖν

119 2065 225 2139 ῦιλλων
245 2069 470 2155 εύόαιμονίαν·
489 2073 547 2160 τήν
566 2074 628 2160 γόρ
648 2074 835 2157 Ἐπίδαμνον
854 2066 969 2163 ᾄδουσι
985 2075 1046 2155 μὲν
1064 2097 1203 2158 συγγρα-

120 2179 214 2257 φεῖς,
235 2174 337 2253 βοεῦσι
357 2175 393 2237 δέ
412 2176 468 2237 καί
486 2178 554 2255 μετ’
575 2171 699 2239 ἐκείνων
718 2172 753 2238 αἱ
773 2178 888 2261 φῆμαι,
908 2170 1000 2238 πόλιν
1019 2174 1053 2248 ἐξ
1072 2167 1203 2256 ἤπειρον

69 2274 375 2356 παραβεβλημένην
395 2274 441 2350 εἷς
459 2270 641 2355 θάλατταν,
664 2269 769 2359 ύέσπερ
791 2269 937 2357 ἑκάτερον
954 2276 1017 2337 τῶν
1037 2272 1204 2353 στοιχειων

120 2372 312 2454 οἰκουμένην,
334 2370 390 2436 καί
407 2377 649 2438 πλεονεκτοῦσαν
671 2366 717 2448 οἷς
738 2375 848 2459 φέρειν
867 2368 933 2438 οἶδε
951 2375 994 2456 γῆ
1011 2395 1046 2436 τε
1066 2374 1123 2435 κατ’
1139 2355 1203 2435 βό.

118 2474 239 2533 λαττα·
260 2466 391 2554 πάρεστι
403 2468 464 2557 γόρ
487 2474 624 2537 ἐνταῦθα
646 2474 703 2536 καί
721 2474 818 2556 νήσον
837 2473 872 2535 ἐκ
892 2472 1013 2557 μέρους
1032 2472 1128 2536 οἰκεῖν
1148 2467 1205 2534 καί

118 2564 295 2654 ἠπειρώτας
315 2562 405 2652 εἶναι,
426 2574 484 2665 καί
500 2575 563 2637 τοῦν
582 2576 648 2637 κατ’
661 2570 830 2659 οἶμφότερα
849 2574 998 2659 λυπηριύν
1011 2570 1200 2657 ἀφεστάναι,

187 2720 229 2757 no.
246 2702 384 2777 ἑκάτερον
401 2706 481 2771 cod,
498 2705 641 2775 ἑκατέρων
658 2707 764 2759 Villoia.

119 2823 307 2896 splendidum,
325 2842 424 2897 meque
441 2827 567 2880 adiuvat:
585 2835 676 2881 metuo
695 2835 803 2891 autem,
824 2842 967 2881 neretum
985 2826 1154 2879 abundantia
1172 2833 1202 2880 et

118 2896 294 2949 multitudino
310 2897 532 2967 obstupefactus,
552 2898 662 2950 dicendi
679 2898 793 2951 mater-ia
814 2898 855 2948 uti
873 2899 1015 2962 nesciens,
1034 2914 1090 2949 non
1105 2898 1201 2979 eloqui

119 2967 226 3019 divitias
248 2968 366 3036 poesim,
388 2976 471 3038 atquc
495 2969 602 3020 consilii
620 2969 667 3019 ino
689 2986 700 3021 ι
727 2984 878 3038 appaream.
915 2968 992 3021 Sicut
1008 2969 1038 3018 in
1054 2972 1134 3035 prato
1151 2983 1200 3018 ru·

120 3036 206 3089 cundo
225 3044 253 3089 et
270 3040 376 3088 varium
402 3040 584 3106 spectaculum
602 2986 751 3109 prandente
771 3042 863 3091 omnin
892 3039 1005 3109 quidem
1022 3039 1117 3107 pulcre
1134 3045 1199 3089 eunt

119 3110 248 3175 aspectui
259 3114 396 3177 epectntor
414 3118 520 3169 autem,
537 3124 597 3161 cum
617 3110 708 3160 omnin
726 3110 807 3162 almul
825 3108 982 3172 delectent,
999 3108 1108 3161 nescius
1129 3106 1199 3177 quid

119 3177 252 3248 praeierat
278 3186 306 3230 ct
324 3176 465 3247 decerpat,
495 3180 529 3230 nb
556 3182 683 3231 omnihus
709 3180 792 3231 simul
810 3179 951 3232 abstinens
973 3178 1105 3230 comittit„
1142 3176 1203 3229 Sed·

120 3263 282 3317 quamquam
307 3266 349 3302 ren
373 3250 411 3301 tic
428 3264 457 3299 se
480 3250 590 3310 habent,
610 3252 698 3302 oratio
716 3259 809 3303 tomen
827 3250 862 3302 ad
880 3251 973 3302 omnia
990 3248 1079 3299 audax
1097 3248 1198 3300 liducla

119 3318 228 3387 impleta
247 3326 305 3381 eat,
332 3326 360 3372 et
378 3320 532 3388 petulanter
549 3320 614 3372 nolit
623 3356 632 3382 ,
660 3329 689 3371 et
705 3338 772 3390 prce
792 3321 933 3389 voluptate
951 3318 1114 3381 bacchatur,
1138 3320 1199 3372 ior-

119 3396 237 3460 tunaque
254 3390 339 3460 magle
358 3406 439 3459 quam
458 3392 571 3443 coneilio
592 3390 749 3455 conlidens,
768 3410 838 3464 quae
857 3390 950 3443 iuturn
969 3397 1034 3440 runt
1058 3389 1131 3441 nihil
1150 3404 1198 3439 cu-

120 3465 168 3509 rat
201 3458 262 3529 Qua
281 3459 315 3513 de
335 3474 414 3513 causa
435 3460 596 3514 audebimus
612 3460 717 3533 aliquid
739 3477 819 3533 supra
834 3462 916 3525 vireu,
934 3475 1005 3533 quae
1026 3460 1198 3530 indulgentia

120 3537 212 3597 egent,
229 3530 313 3581 animi
331 3528 423 3583 etudio
443 3532 573 3587 excusati.

185 3616 209 3651 a.
245 3600 311 3651 Tibi
337 3602 410 3653 enim
425 3602 546 3654 Fortuna
566 3602 644 3672 quasi
675 3602 767 3655 lutura
796 3601 867 3654 bene
887 3602 1075 3671 prospicient,
1102 3603 1196 3654 omnin

120 3666 193 3721 dedit
222 3684 291 3738 quare
318 3672 511 3739 Imperatorem
544 3670 700 3725 Romanurn
713 3674 848 3725 decerent.
884 3674 920 3725 Et
936 3674 1072 3740 primurn,
1097 3681 1128 3725 ut
1146 3689 1196 3742 pur

120 3746 187 3801 crat,
206 3736 317 3791 donavit
334 3742 466 3811 patriam,
488 3759 560 3813 quae
578 3743 693 3795 aliarum
711 3751 841 3796 terrarum
860 3742 1020 3794 felicitatem
1038 3749 1196 3812 nuperarete

119 3806 292 3877 Epidamnum
314 3814 387 3865 enim
406 3824 508 3866 canunt
529 3814 688 3882 scriptores,
716 3821 744 3864 et
764 3828 824 3863 cum
843 3813 899 3864 illia
917 3813 1036 3866 clamant
1057 3812 1196 3867 collaudat

119 3880 200 3942 lama,
217 3878 314 3933 urbem
328 3898 362 3934 ex
380 3884 539 3936 continente
560 3884 708 3953 proiectam
727 3884 756 3933 in
776 3900 858 3947 mare,
877 3886 954 3953 quari
975 3892 1121 3955 utrumque
1135 3887 1194 3937 ele·

119 3957 232 4002 mentum
257 3950 447 4015 habitantem,
470 3960 554 4025 utque
579 3952 714 4006 fruentem
742 3954 785 4015 iis,
813 3970 884 4024 quae
912 3953 1056 4023 proferunt
1074 3962 1193 4009 marcet

118 4026 201 4071 terra:
220 4020 287 4075 licet
317 4024 388 4074 enim
405 4023 447 4075 ibi
476 4032 504 4078 ct
522 4024 638 4077 insulam
659 4034 786 4092 exparte
804 4026 924 4078 incolere
942 4032 970 4077 et
984 4027 1014 4079 in
1032 4028 1193 4078 continente

118 4088 211 4155 rivere,
228 4100 256 4143 et
274 4098 348 4164 quae'
362 4094 392 4152 in
411 4102 528 4168 utroque
546 4095 738 4153 molestarum
757 4097 853 4161 vitare,
873 4112 943 4167 quae
962 4096 1045 4161 bona,
1057 4096 1092 4149 iic
1109 4098 1193 4167 plane
