3050 4892
504 250 799 317 raumrmcus.

110 404 234 469 Obtulit
253 418 283 469 et
303 409 420 471 vinctos
440 405 535 469 oculis
555 408 745 490 domitosque
768 418 936 490 tyrannos,

108 505 192 568 Ante
213 509 303 589 pedes
318 519 432 569 vestros
450 506 556 569 mediis
569 506 757 569 Circensibus
778 518 871 567 actos.

193 605 340 669 Aemilius
355 606 513 690 quondum
529 606 663 683 Paulus,
686 606 865 667 fortissimus
888 602 958 679 ille,
1005 679 1009 685 Α

108 704 160 765 Sic
187 727 289 789 regem
306 706 434 781 Persen,
463 704 575 789 populo
588 715 739 789 spectante
753 706 886 779 Latino,

111 804 261 865 Curribus
279 808 415 866 invectus
429 806 589 887 Tarpeiam
604 805 695 865 traxit
711 804 751 865 ad
768 824 892 879 urcem,

109 902 305 987 Placavitque
324 906 427 966 lovem
442 903 588 986 Capitolia
609 902 722 986 templa
744 913 909 965 tenentem.

114 1004 313 1085 Omnipotens
332 1004 384 1066 sed
398 1014 429 1065 te
445 1004 594 1087 Superum
608 1004 762 1087 conspexit
786 1002 827 1062 ab
843 1022 935 1082 aree,

113 1102 248 1163 Numina
264 1102 432 1185 placentem
453 1100 606 1181 caelestia,
628 1100 741 1185 templs
762 1104 903 1163 tenentis.

114 1201 265 1283 Auspiciis
284 1204 397 1285 gaude,
418 1205 584 1285 Princeps,
606 1201 742 1265 felicibus
763 1199 872 1262 aulae!

115 1300 174 1359 Cui
192 1302 274 1363 Deus
291 1307 481 1385 omniparens
502 1300 710 1367 renovandum
731 1299 858 1362 credidit
875 1300 1005 1381 orbem,

117 1398 329 1484 iustitiamque
344 1402 428 1463 iubet
448 1400 627 1463 descendere
649 1421 754 1463 rursus
771 1399 810 1461 ab
826 1420 903 1478 exe,

117 1498 159 1563 Et
174 1498 274 1563 faciles
293 1500 432 1583 precibus
451 1498 633 1583 populorum
649 1498 788 1581 praebuit
806 1519 906 1559 aures.

118 1598 258 1675 Quorum
275 1610 438 1681 prostrates
455 1598 594 1659 recreasti
611 1596 746 1658 funditus
768 1596 859 1659 urbes

118 1696 262 1759 Portibus
282 1709 313 1760 et
330 1701 443 1778 muris,
463 1698 614 1761 undarum
632 1708 662 1758 et
683 1696 829 1759 tractibus
851 1696 930 1765 eltis.

120 1795 206 1858 Nunc
223 1808 291 1859 tuto
306 1808 416 1859 nautae
426 1808 567 1882 repetunt
586 1797 636 1857 hic
651 1800 726 1857 ostiu
745 1794 840 1871 velis,

121 1898 184 1975 Qui
195 1896 289 1959 dubio
303 1898 457 1980 quondum
471 1898 575 1980 peiora
592 1893 728 1981 pericula
752 1907 845 1979 ponto

120 1994 188 2059 lum
206 1999 319 2081 patrias
338 2018 406 2058 uras
421 1995 592 2058 tolerabunt
617 2014 695 2057 uere
711 2004 868 2077 tenentes3

120 2094 324 2179 Neruii-aglum
343 2096 471 2157 navibus
483 2095 566 2157 fessis
589 2096 718 2156 statione
738 2094 874 2156 minente
883 2140 896 2173 ,

121 2194 261 2257 Disiectis
284 2194 439 2271 claustris,
463 2193 574 2278 quibus
587 2214 701 2275 aequor
721 2192 870 2275 frangitur
893 2192 1000 2255 ultum.

122 2292 183 2353 Sed
199 2314 279 2354 nunc
294 2305 366 2356 vota
384 2296 450 2357 Deo
468 2294 578 2357 servati
597 2303 718 2377 pectore
736 2302 801 2354 totu

122 2392 185 2457 Pro
199 2396 311 2476 pietate
328 2405 404 2473 tua,
425 2414 487 2477 qua
508 2394 631 2476 respicis
648 2394 771 2470 omnia,
790 2391 932 2455 fundunt.

207 2492 362 2577 Agricolas
378 2496 522 2557 miserem
536 2492 693 2577 dispendia
709 2512 798 2553 suern
818 2489 955 2572 mlsxas3

126 2594 220 2655 Curia
239 2595 386 2677 perversis
408 2613 479 2656 num
504 2602 598 2655 cessat
614 2590 749 2652 moribus
767 2594 884 2669 omnis,

127 2694 188 2756 Nec
202 2693 271 2755 licet
286 2695 404 2755 iniustis
423 2693 512 2755 solito
528 2703 721 2755 contemnere
739 2690 828 2772 leges.

126 2794 217 2855 Nunc
231 2796 345 2876 equites
362 2792 489 2854 horrent
508 2800 661 2851 rectorum
681 2789 761 2849 iussu
779 2786 941 2863 vehentes,

128 2894 192 2955 Nec
207 2892 284 2954 lucri
302 2912 391 2952 musa
412 2892 606 2953 commiscent
628 2908 713 2949 suoru
734 2885 879 2969 profanis·
983 2924 987 2929 «

128 2992 243 3059 Iudicis
264 2994 328 3075 ipse
344 2990 450 3055 sedens
469 2988 558 3051 index
580 2986 714 3053 caelestis
736 2988 837 3067 imago

130 3094 192 3155 Per
212 3102 243 3153 te
265 3090 428 3175 respondes
445 3087 564 3173 populis
581 3086 704 3151 oracula
723 3096 844 3163 sancta,

129 3195 244 3257 Proieis
258 3204 289 3253 et
307 3190 423 3265 nullos,
445 3190 503 3249 uisi
524 3189 576 3271 qui
594 3208 655 3249 non
670 3190 748 3248 iusta
766 3195 938 3267 reposcunt.

133 3293 254 3356 Aurum
272 3314 333 3354 nou
346 3290 491 3363 adhibes,
511 3287 701 3351 moderantes
716 3296 788 3347 ante
806 3284 944 3346 solebuut

134 3393 226 3473 Quod
246 3393 340 3472 dare,
363 3410 401 3453 ne
416 3388 505 3455 liceat
527 3388 622 3449 socios
643 3396 779 3447 evertere
800 3386 888 3447 finus
899 3430 912 3463 ,

133 3492 340 3576 Exemploque
364 3492 453 3553 doces
470 3498 629 3573 qusaestum
645 3497 838 3561 contemnere
855 3495 990 3568 turpem.

133 3595 261 3655 Tirones
276 3594 346 3654 sorti
367 3610 509 3653 numeros
529 3608 611 3649 nunc
629 3584 725 3647 milite
741 3582 910 3667 complent,

135 3694 277 3774 Veraque
295 3714 358 3754 non
376 3692 489 3776 pretio,
511 3686 563 3750 sed
580 3684 704 3761 robore,
725 3687 811 3769 sigua
833 3691 998 3744 merentur.

220 3791 321 3870 Quid,
344 3791 428 3875 quod
442 3789 594 3871 dispensas
610 3782 737 3847 cerealia
753 3804 881 3845 munera
893 3785 993 3859 uiue,

136 3894 270 3955 Luxurie
294 3892 458 3975 prohibens
483 3887 575 3949 urbes
594 3894 759 3967 cautusque
777 3882 884 3945 futuri.

136 3994 197 4055 Nec
212 4014 334 4055 sensum
350 3990 467 4073 populis
486 3984 561 4048 caeli
577 3984 724 4069 paenuria
745 3982 887 4070 praebet,

212 4110 268 4166 stu
291 4106 336 4162 ln‘c
354 4106 444 4175 End,
461 4106 512 4165 vix
533 4100 592 4163 cod.

1012 317 1014 324 ,
1106 223 1191 314 523
