3050 4892
310 200 393 303 524
744 196 945 288 ruscum

309 390 341 450 Si
359 386 458 448 desint
471 382 605 459 imbres3
626 402 682 441 noc
702 380 812 463 linquit
825 384 913 464 copia
936 385 1058 460 victus,

310 483 509 566 Consiliisque
530 482 590 542 tuis
614 501 772 542 servamur
786 503 877 563 saepe
898 488 1043 564 paternis.

311 588 486 669 Aegyptum
504 592 617 663 septem
638 582 680 641 sic
703 592 804 641 servat
826 582 967 663 losipbns
982 602 1097 659 annos,

312 686 383 758 tlte,
400 683 561 769 pudicitiae
585 682 697 741 menrit
710 684 762 762 qui
782 680 880 741 sidera
898 682 1003 758 fama,

313 785 409 846 Cuius
433 781 564 866 placavit
583 782 728 862 sapientia
746 782 881 841 numinis
903 785 981 858 iras,

313 882 500 967 Memphites
526 881 605 959 regis
623 878 743 940 solvens
760 882 907 941 insomnia
923 884 1012 941 mira.

314 982 433 1044 Horres
447 1002 518 1041 nam
539 983 653 1062 primus
676 978 736 1040 Nili
755 990 963 1039 construxerat
983 982 1062 1050 oris,

314 1082 447 1143 Luxus-ie
467 1080 631 1162 prohibens
645 1079 736 1140 urbas
758 1091 924 1161 mutusque
943 1079 1057 1157 futuri,

315 1180 417 1263 Atque
435 1179 546 1241 samem
561 1180 660 1260 potuit
676 1178 781 1240 divina
799 1180 921 1239 vincere
938 1200 1023 1239 cura.

401 1280 460 1340 Per
478 1290 509 1339 te
524 1276 630 1339 seditio
645 1280 763 1360 penitus
784 1278 903 1339 deletur
918 1278 957 1338 ab
979 1278 1074 1356 urbe,

317 1380 467 1439 Innocuos
490 1378 620 1459 spolians
640 1378 697 1439 sub
715 1390 811 1439 terras
830 1376 894 1439 sole
913 1390 1054 1439 retracto.

318 1480 398 1539 Nam
417 1480 498 1539 cives
522 1478 628 1538 mediis
653 1463 818 1539 caedebant
838 1478 999 1539 moenibus
1021 1499 1113 1552 ense,

318 1577 502 1641 bacchantes
520 1576 648 1639 stimulis
665 1579 752 1657 vini,
775 1576 943 1659 plausuque
961 1578 1142 1653 frementes,

318 1678 360 1738 Et
373 1674 474 1759 spoliis
491 1679 573 1757 pecie
594 1676 756 1758 gaudentes
774 1687 863 1737 nocte
881 1678 1004 1757 paratis.

319 1777 387 1858 lpse
409 1786 492 1837 vetas
508 1774 615 1855 ludos,
636 1778 807 1837 animarum
829 1775 956 1847 damna,
979 1774 1139 1851 nefandos,
1231 1808 1236 1815 ·

320 1876 422 1959 Atque
439 1873 609 1959 voluptates
623 1874 767 1958 prohibes
786 1898 804 1935 a
819 1877 964 1957 sanguine
980 1878 1085 1950 sumi,

318 1976 459 2059 Corporis
477 1987 507 2036 et
525 1998 615 2036 eausa
634 1974 774 2057 pascendi
793 1974 920 2056 perdere
949 1976 1067 2053 vitam3

322 2076 478 2139 Humanos
500 2096 604 2136 arcens
619 2073 745 2137 lacerari
762 2074 903 2135 dentibus
923 2085 1028 2151 artus,

320 2177 490 2253 Dentibus,
513 2186 648 2236 armatur
662 2174 760 2237 rabies
777 2174 887 2258 quibus
907 2186 973 2235 atra
992 2174 1135 2234 serarum.

321 2276 363 2336 Et
380 2296 524 2356 superans
544 2294 648 2334 omnes
664 2277 774 2334 mentis
788 2276 923 2334 novitate
936 2274 1103 2354 benignae,

323 2372 441 2433 Sufficis
460 2371 542 2432 baud
569 2374 670 2431 animo
690 2375 821 2454 cupienti
841 2371 1001 2432 commoda
1014 2372 1130 2432 cunctis

322 2472 457 2551 Largiri‚
478 2471 616 2553 quamvis
634 2492 796 2532 numerum
817 2472 969 2532 vincentia
984 2471 1099 2547 donas,

323 2573 475 2651 ingenuos
489 2567 646 2661 relevans,
669 2568 787 2629 occulte
803 2591 929 2631 munera
944 2582 1110 2653 praestans.

323 2670 463 2751 Namque
475 2669 560 2749 cupis
581 2668 687 2752 Superi
705 2680 736 2729 te
757 2672 840 2731 cerni
861 2669 976 2730 lumine
997 2668 1087 2747 solo;

324 2767 525 2851 Corrupitque
539 2779 626 2829 tuum
642 2790 704 2831 non
720 2769 784 2830 ulla
798 2768 938 2851 superbia
955 2780 1078 2850 pectus,

325 2866 523 2947 Affectusque
541 2866 638 2929 bonos
664 2870 790 2929 minime
807 2870 928 2929 fortuna
945 2870 1082 2930 novavit.

324 2968 366 3028 Et
385 2968 582 3048 quicumque,
610 2969 694 3049 prius
703 2978 836 3049 'caperes
859 2985 949 3050 quam
968 2980 1084 3049 sceptra
1105 2978 1242 3049 rogatus,

325 3065 461 3127 offendit
478 3067 617 3148 propriae
639 3076 802 3127 temeratus
820 3067 944 3127 crimine
960 3066 1066 3148 culpae
1078 3102 1098 3145 ,·

324 3164 436 3226 Felicis
451 3164 566 3225 domini
583 3165 696 3226 fruitur
716 3186 797 3226 nunc
819 3176 956 3248 tempore
975 3166 1073 3244 laeto,

323 3266 464 3328 Praemia
486 3286 543 3346 pro
557 3266 663 3347 poenis
687 3268 814 3348 speratis
833 3287 952 3327 sumere
968 3266 1094 3326 mirans.

326 3364 440 3426 Omnia
462 3364 514 3427 sed
529 3375 670 3446 superat,
691 3367 854 3447 Princeps,
875 3365 1035 3448 praeconia
1058 3376 1157 3428 vestra

323 3464 519 3545 Propositum
540 3466 673 3547 sapiens,
690 3486 750 3549 quo
770 3464 846 3525 fidos
860 3464 944 3548 eligis
965 3459 1054 3525 auiae

326 3562 487 3637 Custodes,
514 3586 568 3645 per
587 3586 662 3646 quos
684 3566 821 3627 Romana
842 3568 976 3647 potentia
997 3576 1129 3637 crescat,

322 3662 366 3723 Et
388 3682 469 3743 quo,
495 3662 591 3724 Roma
607 3674 693 3725 vetus
717 3664 800 3725 misit
817 3686 1034 3747 quoscunque,
1060 3664 1191 3747 benigne

328 3761 503 3842 Sustentas,
525 3764 606 3823 omni
626 3766 743 3847 penitus
758 3761 880 3826 ratione
891 3764 1039 3842 fovendo,

326 3858 474 3921 Provebis
494 3874 523 3923 et
544 3864 686 3945 gradibus
706 3864 867 3947 praeclaris
883 3864 978 3925 laetus
990 3864 1161 3943 bonorum,

328 3957 372 4019 Ne
388 3957 489 4018 damni
503 3965 627 4041 patriae
648 3986 751 4027 sensus
772 3964 884 4025 fiantve
911 3964 1040 4031 dolores.

328 4056 496 4125 Fortunam
519 4082 612 4143 quare
637 4065 691 4129 tibi
713 4064 824 4127 debent
849 4074 939 4155 atque
957 4064 1106 4143 salutem,
