3050 4892
569 282 829 371 rmenrmrx.
1183 282 1237 398 37

143 477 203 516 eae
216 456 381 533 historiae,
400 454 528 516 docente
541 459 615 517 item
625 460 775 541 Dexippo,
792 461 908 523 Graeco
922 475 1061 541 auctore,
1075 472 1241 546 potuemus
1317 504 1320 508 ·

141 554 325 616 addiscere:
360 557 413 637 qui
434 556 551 616 etiamsi
568 556 723 637 breviter,
741 559 779 620 ad
803 560 894 621 fidem
906 573 1007 624 tamen
1020 568 1124 655 omniu
1137 588 1240 649 perse-

141 658 236 737 quuti
257 664 341 716 sunt.
383 653 474 717 Idem
496 656 529 716 in
547 654 726 718 Gordianis
743 678 815 744 cap.
840 660 890 722 II.

230 752 329 813 Fdius
345 752 511 833 (Gordiani)
538 754 653 837 legatus
679 760 795 839 patris,
825 759 962 842 exemplo
987 762 1180 844 Scipionum,
1200 768 1336 840 mitiis

140 852 304 934 Dexippus
319 853 452 912 Graecae
474 852 617 914 historiae
647 866 753 916 auctor
779 862 850 939 est,
883 858 975 941 gladii
1004 870 1153 944 potestate
1171 863 1238 925 sues

142 955 264 1013 cinctus
288 962 345 1011 est.
388 950 479 1013 Idem
498 951 614 1014 ibidem
634 974 708 1037 cap.
729 952 787 1021 IX.

229 1052 386 1133 Dexippus
408 1064 513 1135 putat,
534 1055 599 1113 eius
620 1052 716 1113 filium
735 1075 800 1115 esse
821 1051 1168 1139 Gordianum‘tertium,
1186 1064 1239 1145 qui

141 1162 218 1233 post
241 1150 316 1211 haee
348 1172 417 1211 cum
440 1150 567 1212 Balbino
591 1164 621 1213 et
638 1152 793 1236 Pupieno,
824 1156 888 1216 sive
913 1158 1046 1220 Maximo
1058 1206 1068 1234 ,
1093 1162 1240 1243 puerulus

142 1252 275 1333 adeptus
292 1262 337 1311 est
360 1254 533 1333 imperimn.
576 1251 668 1312 Idem
689 1252 768 1316 ibid.
786 1274 861 1338 cap.
884 1254 973 1317 XIX.
1044 1282 1050 1289 ·

230 1352 386 1433 Dexippus
406 1363 577 1429 asseverat,
600 1373 633 1412 ex
654 1352 716 1412 filio
737 1354 883 1414 Gorxliaui
900 1358 1025 1417 tertium
1048 1360 1237 1422 Gordianum

139 1472 210 1513 esse
224 1462 338 1515 numm.
379 1448 471 1514 Idem
485 1449 564 1512 ibid.
579 1472 652 1535 cap.
672 1450 798 1514 XXIII.

227 1552 383 1633 Dexippus
414 1561 445 1610 et
475 1549 647 1610 Arabianus
677 1552 844 1618 Maximum
875 1565 906 1615 et
937 1556 1097 1619 Balbinum
1131 1560 1237 1621 dicunt

140 1650 255 1711 electos
284 1660 390 1709 contra
415 1648 613 1709 Maximinum
635 1662 706 1732 post
726 1652 911 1713 Gordianos.
960 1654 1052 1717 Idem
1078 1658 1113 1717 in
1140 1653 1234 1725 Max.

141 1750 291 1813 certate.
306 1750 420 1833 eap.I.

227 1850 383 1930 Dexippus
408 1851 594 1908 Graecorum
615 1850 746 1929 scriptor
761 1853 928 1911 Maximum
952 1865 983 1913 et
1000 1854 1159 1932 Balbinum
1177 1858 1235 1916 im-

140 1960 300 2030 peratores
321 1948 394 2008 dicit
413 1948 508 2008 bretos
529 1957 636 2009 contra
657 1949 858 2008 Maximinum
888 1961 958 2031 post
977 1953 1146 2013 Gordianos
1160 1956 1239 2016 duos

138 2059 174 2108 et
202 2068 221 2107 a
248 2049 380 2107 Maximo
408 2048 524 2108 Mum
553 2048 773 2125 Maximinum,
802 2069 864 2108 uon
901 2070 920 2108 a
945 2048 1096 2131 Pupieno.
1144 2052 1236 2114 Idem

142 2144 226 2213 ibid.
248 2166 323 2230 cap.
347 2144 421 2207 XV.

225 2245 289 2305 Sub
311 2244 359 2306 bis
378 2258 546 2329 pugnatum
568 2268 586 2307 a
615 2248 722 2331 Carpis
743 2259 850 2308 contra
870 2249 991 2309 Moesos
1014 2248 1090 2329 suit,
1113 2262 1143 2312 et
1159 2251 1235 2335 Scy·

136 2346 214 2407 tbici
243 2344 315 2407 belli
347 2348 530 2427 principium
559 2358 589 2407 et
614 2348 747 2408 Histriae
779 2349 927 2409 excidium
966 2371 1003 2409 eo
1023 2361 1179 2432 tempore;
1199 2364 1234 2413 ut

117 2456 243 2505 autem
263 2445 418 2527 Dexippus
437 2446 523 2523 dicit,
543 2442 693 2508 Histricae
709 2450 852 2509 civitatis.
893 2448 1047 2530 Dexippus
1072 2450 1234 2510 Balbinum

138 2546 215 2605 satis
240 2544 363 2624 laudat,
401 2556 431 2605 et
459 2544 532 2605 dicit
560 2546 630 2605 sorti
663 2549 764 2607 animo
786 2546 932 2607 militibus
951 2552 1117 2611 occurrisse
1140 2560 1233 2633 atque

136 2644 352 2723 interfectum,
380 2654 415 2703 ut
440 2654 570 2705 mortem
594 2666 657 2704 non
677 2647 816 2707 timeretr
847 2668 938 2727 quem
958 2650 990 2707 in
1009 2648 1150 2710 omnibus
1184 2649 1232 2710 di-

138 2744 274 2826 sciplinis
295 2748 476 2806 instructum
491 2743 583 2805 luisse
602 2744 688 2805 dicit.
730 2746 931 2806 Maximinum
948 2766 1022 2808 vero
1031 2760 1122 2831 negat
1151 2752 1231 2811 eius-

138 2844 224 2903 modi
255 2848 355 2903 virum
388 2844 479 2903 luisse
485 2890 495 2921 ,
517 2842 638 2925 qualem
658 2845 767 2903 Graeci
787 2844 924 2925 plerique
945 2844 1094 2914 dixerunt.
1135 2845 1232 2909 Addit

135 2954 306 3025 praeterea,
326 2954 432 3003 contra
447 2944 614 3003 Maximum
630 2942 873 3024 Aquileiensium
891 2954 1011 3004 tautum
1031 2944 1136 3004 odium
1156 2946 1230 3007 liris·

134 3066 186 3121 se,
208 3055 244 3103 ut
263 3043 302 3103 de
322 3042 456 3103 crinibus
477 3042 638 3104 mulierum
662 3062 785 3103 suarum
801 3043 931 3104 arcubus
950 3066 1061 3106 nervos
1080 3046 1229 3121 facerent,

135 3154 228 3223 atque
259 3144 300 3203 ita
324 3146 446 3225 sagittas
473 3144 655 3203 emitterent.
705 3142 861 3224 Dexippus
890 3155 921 3204 et
942 3144 1153 3223 Herodianus,
1174 3149 1227 3229 qui

135 3241 248 3301 horum
280 3244 451 3323 principum
484 3242 642 3301 historiam
668 3244 843 3323 persequuti
877 3250 963 3322 strnt,
1002 3246 1169 3305 Maximum
1196 3256 1227 3306 et

135 3340 298 3401 Balbinum
319 3342 409 3403 fuisse
430 3344 581 3424 principes
608 3341 713 3403 dieunt
726 3340 859 3403 delectos
878 3364 897 3402 a
917 3352 1022 3403 senatu
1044 3354 1148 3405 eontra
1158 3349 1225 3407 Ma-

133 3442 282 3501 ximinum
303 3452 372 3523 post
391 3444 550 3501 interitum
574 3441 703 3501 duorum
720 3442 946 3503 Gordianorum
965 3444 998 3501 in
1019 3441 1133 3522 Africa,
1153 3468 1224 3510 cum

132 3539 247 3621 quibus
269 3544 360 3601 etiam
379 3562 456 3623 puer
474 3540 583 3601 tertius
603 3540 779 3601 Gordianus
804 3541 917 3602 electus
936 3552 992 3601 est.
1034 3541 1126 3606 Idem
1144 3548 1222 3615 ibid.

131 3660 206 3724 cap.
229 3637 323 3700 XVI.
356 3683 357 3693 .
535 3626 537 3631 ’

214 3740 314 3799 Docet
324 3740 498 3821 Dexippus,
528 3740 634 3799 Titum
654 3740 813 3801 tribunum
825 3741 1021 3821 Maurorum,
1041 3746 1093 3825 qui
1115 3767 1134 3805 a
1152 3747 1221 3807 Ma·

131 3838 245 3898 ximino
277 3840 357 3898 inter
382 3842 517 3921 privatos
531 3839 653 3901 relictus
673 3840 791 3917 iuerat,
806 3842 916 3900 timore
929 3841 1080 3903 violentae
1095 3847 1202 3905 mortis
1209 3895 1221 3923 ,

130 3946 163 3996 ut
173 3937 225 3998 alii
241 3937 350 3998 dicunt
358 3984 367 4014 ,
389 3941 519 4000 invitum
534 3958 609 4000 vero
624 3948 654 3999 et
665 3960 682 3999 a
695 3938 843 3999 militibus
854 3946 1010 4019 ‘coactum
1029 3949 1065 4002 ut
1082 3941 1221 4026 plerique

130 4046 285 4115 asserunt,
324 4039 505 4119 imperasse,
527 4046 619 4122 atque
643 4038 725 4097 hune
745 4040 826 4098 intra
843 4060 956 4120 paucos
975 4042 1040 4120 dies
1061 4050 1130 4123 pest
1149 4045 1218 4103 xin-

131 4134 261 4198 dicatam
288 4134 507 4217 desectionem,
528 4158 619 4220 quarn
637 4136 804 4227 consularis
826 4140 875 4201 vir
897 4142 1027 4223 Magnus
1053 4141 1220 4203 Maximino
