3050 4892
301 218 386 335 574
574 248 745 313 mmm
773 246 912 313 mnan
938 244 1078 313 uorsa

266 420 273 435 “
297 428 364 471 amu
385 405 498 469 innita
515 402 892 486 Valentinianooctollege
910 405 1058 484 dionem,
1089 412 1144 467 aut
1168 405 1208 469 ad
1229 426 1392 473 summum

297 490 628 575 &alemannos-terrast&
647 490 797 551 derelicto.
819 490 967 549 Omnium
982 490 1392 573 acematissimeTheopha-

296 595 351 635 nas
364 576 395 635 in
410 574 512 635 codice
524 575 702 657 MS.,quem
721 594 812 653 penes
833 593 889 635 nos
910 573 1069 650 habemus,
1088 575 1147 636 nisi
1168 576 1253 656 quod
1265 576 1394 658 iugula-

297 664 365 719 tum
372 660 490 757 pingat,
522 676 614 753 quem
638 658 729 757 ceteri
751 656 913 752 pleuritsde
933 659 1111 717 exstinctum
1130 657 1261 719 volunt:
1280 652 1393 744 vairp

297 740 430 837 trieres
462 740 680 812 Κωνσταπιος
710 759 726 800 o
760 759 868 841 neapo·
897 738 1162 837 Odeiensnasoti
1198 740 1395 817 ἕβασάενσσ

298 843 359 903 προ
381 822 414 899 ἐξ
436 820 530 883 εἰδῶν
550 822 767 903 &theosebion
783 843 838 882 και
855 832 981 904 eopayn
1005 841 1067 904 προ
1091 817 1119 883 δ’
1131 823 1226 884 sorde
1241 824 1393 898 Σεπτεμ-

298 904 402 987 βρίου.
443 904 532 967 Certe
549 904 588 966 ab
605 916 713 966 octavo
723 905 882 965 Februarii
902 906 952 965 die
975 906 1015 966 ad
1037 906 1203 967 semmdum
1225 907 1309 967 diem
1330 908 1390 965 Se·

293 990 445 1071 .ptemhris
465 1011 527 1050 non
548 991 655 1070 integri
668 988 905 1070 septemllurere
915 1010 1050 1065 menses,
1070 991 1173 1071 sicque
1195 1010 1251 1051 sna
1266 992 1393 1063 somnio

301 1082 334 1133 et
360 1074 571 1135 historicorum
597 1072 796 1135 ustificationi
821 1074 933 1132 veritas
959 1082 1102 1145 constat,
1134 1084 1171 1133 nt
1199 1094 1321 1135 necesse
1346 1083 1392 1133 nt

302 1154 365 1217 salli
384 1155 542 1239 plerosque
565 1178 668 1217 omnes
693 1153 914 1237 chronologos,
940 1157 992 1236 qui
1012 1178 1082 1215 cum
1099 1154 1214 1217 Tirone
1232 1156 1390 1238 Prospero

302 1238 421 1301 duobus
443 1240 529 1301 annis
550 1238 696 1315 Iulianis,
716 1242 772 1297 etsi
796 1259 859 1298 non
883 1240 1027 1319 integris,
1052 1239 1265 1300 Constantium
1287 1241 1386 1321 impe-

301 1342 383 1383 rasse
402 1334 558 1399 mount,
577 1333 631 1381 aut
650 1332 712 1381 uno
728 1319 834 1381 saltem
849 1342 932 1383 anno
948 1333 1077 1381 mortem
1089 1323 1153 1383 eius
1173 1334 1383 1403 praeses-mat,

301 1424 401 1485 neque
418 1404 519 1481 diem,
548 1404 789 1501 quodiademate
814 1416 963 1482 ornatus,
980 1416 1035 1465 aut
1053 1424 1116 1487 quo
1139 1408 1205 1466 vita
1227 1405 1387 1467 umnlre·

197 1564 225 1623 Ρ·
247 1486 720 1653 ωομοῳὲαἷῗΐαιῗεΒῗῗιζόἷξιῖ
728 1498 850 1653 ἢῃῗῗ
869 1489 1039 1632 (lhbshsgntaarilii
1048 1570 1132 1654 Imp.
1150 1570 1291 1633 elecdone
1308 1594 1391 1632 nrm-

300 1656 357 1715 atu
371 1656 503 1715 mittitm
543 1654 763 1735 Philostorgius
789 1673 851 1713 non
873 1657 1017 1715 nuntium
1044 1654 1190 1715 duntaxat
1211 1655 1252 1715 ad
1281 1656 1389 1717 Theo-

300 1736 420 1799 dosium
440 1737 730 1819 Constantinopolim
746 1735 786 1797 ab
804 1738 942 1797 Honorio
960 1738 1196 1819 Constantioque
1211 1738 1389 1820 ablegatum

301 1820 417 1897 refert,
439 1820 493 1882 sed
514 1842 549 1883 ex
569 1832 688 1902 recepto
721 1842 807 1880 more
826 1822 929 1882 missas
954 1820 1045 1881 simul
1071 1823 1177 1881 asserit
1205 1820 1292 1881 electi
1319 1822 1389 1881 An-

301 1906 382 1986 gusti
399 1906 559 1987 imagines,
575 1926 650 1987 quas
667 1902 785 1965 labrata
805 1905 869 1964 sive
893 1903 1009 1964 laurata
1024 1903 1114 1965 inisse
1134 1902 1298 1986 appellatas
1315 1905 1390 1987 plu-

301 1986 388 2051 ribus
404 1988 544 2069 exemplis
566 1990 666 2049 firmat
686 1986 814 2049 loannes
831 1988 982 2048 Meursius
1004 1988 1036 2047 in
1055 1986 1207 2049 Glossario
1231 1988 1390 2049 mhobar·

300 2068 388 2133 baro.
432 2072 550 2149 Quibus
569 2072 680 2141 addere
702 2092 860 2152 possumus
888 2070 968 2131 inter
990 2082 1090 2131 cetera
1106 2071 1279 2131 Ghmnicon
1309 2070 1389 2132 Ale·

303 2154 484 2216 xandrinum
499 2156 538 2215 de
553 2154 734 2215 Anthemioe
756 2148 813 2213 καὶ
831 2150 976 2232 εἰσῆλθεν
997 2147 1038 2213 roi
1058 2148 1203 2234 λαβράῐα
1230 2150 1334 2213 αὐτοῦ
1353 2151 1393 2214 iv

303 2232 635 2299 Komoennovno'tn
665 2230 718 2297 dni
746 2236 914 2318 (liepevrr'ov
947 2231 1088 2316 ἐπάρχου
1119 2229 1249 2306 πόλεως.
1293 2237 1390 2313 Quod

302 2338 377 2383 vero
409 2320 597 2382 Occidentem
618 2342 673 2401 pro
697 2320 819 2383 Oriente
837 2318 894 2379 hoc
920 2340 1040 2401 quoque
1055 2316 1123 2380 lboo
1142 2330 1256 2379 temere
1274 2319 1391 2380 subro-

303 2413 406 2483 gatum
424 2403 528 2481 vides,
550 2400 655 2483 culpae
673 2405 774 2483 potius
792 2402 910 2462 librarii
931 2405 1136 2484 properantis,
1165 2423 1257 2483 quam
1276 2403 1391 2465 enuiti

302 2484 478 2565 Interpretis
495 2486 671 2567 μνημονικῷ
692 2480 900 2563 ἁμαρτήματι
919 2486 1053 2545 tribuere
1066 2481 1166 2560 soleo,
1188 2486 1389 2565 quemadmo-

300 2564 375 2627 dum
388 2570 420 2626 in
436 2568 514 2627 notis
525 2565 678 2627 Theodori
690 2568 814 2626 Dounac
829 2566 869 2626 ad
882 2564 1074 2647 Acropolitae
1087 2566 1272 2648 Logothetae
1286 2568 1388 2629 Chro-

300 2648 798 2729 nicon·Constantinopolitanum,
815 2647 847 2707 in
869 2649 1128 2710 emendationibus
1151 2650 1299 2711 Frideriei
1316 2654 1390 2711 Mo·
1499 2671 1501 2701 ὲ

300 2732 368 2793 relli
383 2732 422 2793 ad
444 2731 557 2793 librum
576 2730 705 2791 alterum
728 2730 767 2791 de
787 2730 969 2793 thematibus
991 2732 1182 2794 Constantini
1209 2732 1390 2817 Porphyro-

301 2818 395 2899 geniti
419 2816 542 2899 aliisque
557 2836 619 2875 non
636 2813 726 2875 semel
745 2836 795 2875 me
814 2814 988 2877 observasse
1006 2817 1142 2876 memini.

243 2912 247 2920 '
383 2896 453 2981 Peg
478 2920 523 2960 ta.
534 2900 574 2959 D.
592 2898 681 2981 Mhi,
705 2893 976 2981 9·]'Tloeuderiae
995 2899 1120 2960 Valliae
1143 2901 1269 2983 aceepit
1292 2900 1386 2984 thape-

301 2984 391 3043 rt‘um.
435 2984 514 3043 Hinc
534 3004 606 3063 ergo
629 2981 786 3041 confutare
813 2983 909 3063 possis
936 3004 1010 3062 eos,
1031 2985 1085 3065 qui
1112 2980 1232 3044 Valliae
1258 3004 1388 3065 regnum

301 3064 536 3147 Vesogothicum
564 3066 604 3126 ad
633 3066 679 3125 15.
705 3064 845 3145 pluresve
871 3086 965 3127 annos
990 3077 1173 3148 prorogant,
1201 3086 1263 3147 qua
1285 3066 1324 3125 de
1348 3086 1386 3126 re

302 3147 447 3211 adversus
476 3148 658 3209 lornandem
682 3146 816 3229 aliosque
844 3146 1064 3229 disputavimus
1086 3144 1141 3209 suo
1161 3148 1242 3209 loco.
1283 3148 1389 3209 Theo-

301 3230 422 3292 doricus
442 3230 534 3313 vulgo
549 3231 675 3303 dicitur,
698 3231 801 3291 addito
816 3232 941 3291 Maioris
958 3236 1022 3293 sive
1040 3232 1172 3293 Senioris
1186 3233 1386 3313 cognomine,

300 3324 337 3375 ut
356 3336 375 3375 a
389 3314 511 3375 luniore
534 3314 724 3377 Theoderico
748 3314 877 3375 discerni
902 3314 1020 3376 facilius
1049 3314 1164 3399 possit,
1194 3317 1261 3397 qui,
1291 3316 1387 3375 fratrc

301 3397 526 3459 Thorismundo
540 3398 709 3474 interfecto,
726 3417 851 3479 regnum
863 3399 1106 3480 Vesogothorum
1126 3399 1297 3480 occupavit,
1377 3399 1388 3415 '

300 3480 412 3627 &clere
424 3480 464 3541 ab
485 3481 598 3545 Eurico
620 3480 713 3542 fratre
729 3490 833 3563 postea
857 3490 1030 3565 peremptus
1049 3502 1131 3543 anno
1147 3482 1301 3543 Dominici
1319 3418 1389 3542 pp:

344 3586 369 3625 ts
450 3607 458 3624 .

385 3562 462 3728 iba}
481 3648 581 3709 m.D.
600 3644 684 3730 [465,
705 3643 768 3729 rb]
799 3645 958 3707 Umu‘am.
993 3647 1072 3709 Mihi
1093 3647 1222 3711 dubium
1251 3668 1318 3709 non
1340 3656 1386 3709 at

301 3726 455 3791 aberrasse
470 3730 685 3812 interpretem,
708 3733 763 3811 qui
785 3730 822 3790 ad
844 3732 1008 3791 infaustam
1026 3732 1086 3793 hoc
1108 3730 1301 3813 insolensque
1320 3752 1387 3793 mc·

300 3823 407 3875 teoron
420 3813 532 3887 refert,
550 3813 633 3896 quod
649 3814 775 3896 Hispani
799 3825 909 3874 nautae
924 3813 986 3873 'ean
1005 3814 1116 3891 Telmo,
1142 3826 1291 3876 nostrates
1303 3812 1385 3875 Galli

300 3895 395 3973 lefeu
410 3898 489 3957 satiat
502 3896 607 3973 Elme,
630 3918 669 3957 ou
687 3898 782 3959 sainte
803 3897 920 3957 Helene
941 3908 1129 3980 nuncupant.
1173 3898 1281 3981 Neque
1303 3898 1385 3957 enim

196 4040 208 4063 ‚
301 3970 407 4041 Castor
426 3989 457 4039 et
479 3976 677 4059 Pollux,aut
701 3983 803 4063 ipsum
820 3979 954 4041 Helenae
969 3980 1051 4042 sidus
1068 3984 1148 4043 inter
1167 3982 1305 4067 prodigia
1325 4000 1385 4040 nn·

300 4071 472 4137 merantur,
494 4078 565 4125 cttm
588 4082 651 4125 non
673 4084 744 4125 raro
766 4076 948 4148 appareant,
970 4084 1068 4147 neque
1097 4075 1185 4126 tanta
1204 4064 1265 4126 illis
1288 4064 1385 4124 inesse

301 4148 349 4215 vis
370 4144 550 4230 perhibetur·
576 4167 596 4209 e
618 4146 771 4233 physicis,
799 4156 837 4209 ut
863 4146 1188 4233 malossnopondem
1213 4148 1384 4232 mptum
