3050 4892
525 293 821 357 PANEGYRICUS.

136 446 278 531 Votaque
298 450 462 530 suscipiunt
481 470 537 531 pro
556 460 589 509 te
608 460 771 531 noctesque
791 450 924 531 diesque.

137 548 200 608 Nee
222 570 283 609 non
305 547 423 630 eloquio
443 546 620 621 decoratos,
641 550 769 609 maxime
789 550 954 631 Princeps,

137 648 223 725 Quos
244 649 380 709 doctrina
400 658 506 730 potens
527 659 558 709 et
581 648 674 709 sudor
694 648 824 709 musicus
847 661 959 731 auget,
1043 705 1045 712 ,

137 748 277 823 Quorum
295 742 445 809 Romanas
465 750 564 807 munit
584 748 729 829 sapientia
748 747 846 829 leges,

138 845 281 907 Adsumis
301 849 416 921 socios,
440 846 518 907 iusto
538 846 742 923 moderamine
763 868 889 923 rerum,

136 944 279 1007 Et.solus
299 945 394 1005 doctis
417 945 471 1005 das
490 950 623 1027 praemia
645 943 894 1035 dignallabore,

138 1042 316 1105 Muneribus
337 1043 436 1105 ditans
458 1054 488 1103 et
509 1062 632 1127 pascens
652 1054 751 1105 mente
771 1043 912 1126 benigna.

219 1142 303 1204 Haec
323 1156 445 1226 propter
466 1141 537 1205 celsi
554 1143 724 1204 dominator
742 1146 889 1203 maximus
910 1146 972 1204 axis

138 1242 263 1304 Infestos
286 1248 392 1305 vestris
412 1246 522 1305 avertit
544 1244 583 1303 ab
606 1243 725 1303 arcibus
745 1242 867 1321 hostes,

138 1343 224 1420 Quos
243 1341 329 1403 furor
351 1345 479 1406 iniustus
500 1341 612 1403 violato
631 1340 750 1401 foedere
771 1345 867 1404 movit

136 1438 303 1523 Euphratis
324 1444 400 1504 vasti
421 1462 513 1525 prope
534 1442 662 1503 maxima
681 1440 806 1503 flumina
826 1442 957 1522 raptim,

136 1540 183 1601 Ex
204 1542 366 1623 improviso
388 1540 540 1601 latronum
561 1561 644 1601 more
664 1547 797 1599 ruentes.

138 1638 198 1700 Sed
217 1640 301 1701 Deus
322 1642 353 1701 in
375 1642 526 1723 propriam
548 1639 663 1700 cladem
684 1650 873 1700 converterat
892 1638 979 1719 illos,

139 1739 334 1823 Consiliisque
357 1742 416 1801 tuis
438 1742 597 1800 iustissima
618 1738 730 1799 damna
748 1737 894 1797 tuleiunt.

139 1840 222 1899 Haec
244 1840 347 1901 eadem
369 1850 517 1916 cunctos,
538 1838 618 1899 bcllo
637 1840 812 1920 quicunque
832 1835 982 1899 lacessunt
1035 1905 1037 1912 ¹

138 1939 258 2021 Imperii
280 1937 418 1999 columen
440 1939 531 1999 vestri
551 1958 738 2019 pacemque,
761 1936 951 2013 manebunt3

136 2038 184 2099 Ut
203 2038 249 2099 sol
269 2060 381 2103 oceano
402 2036 509 2098 tollens
531 2058 726 2119 mergensque
747 2035 860 2119 iugales

139 2136 250 2199 Cernat
268 2139 417 2199 Anastasii
439 2136 544 2197 ssorere
560 2158 615 2219 per
638 2137 741 2197 omnia
756 2156 878 2196 nomen.

221 2238 359 2320 Utraque
381 2238 477 2297 Roma
497 2236 552 2299 tibi
574 2258 645 2297 nam
667 2258 755 2318 spero
774 2246 878 2319 pareat
897 2238 970 2311 uni,

140 2336 262 2398 Auxilio
282 2341 411 2418 summi,
431 2338 482 2420 qui
505 2339 650 2419 conspicit
670 2339 791 2411 omnia,
815 2335 932 2415 Patris,

139 2438 237 2513 Quem
259 2436 358 2518 placas
379 2438 461 2498 omni
483 2436 596 2497 stabilis
615 2440 726 2519 pietate
748 2457 803 2517 per
822 2436 951 2514 orbem,

136 2536 264 2619 Temple
271 2558 400 2635 porans
424 2558 632 2619 renovansque
653 2537 720 2597 Deo
740 2534 886 2618 fulgentia
906 2558 1043 2619 semper,

137 2634 297 2717 Lucraque
316 2657 388 2697 vera
408 2647 517 2718 putans
538 2657 646 2695 aurum
668 2653 844 2697 consumere
866 2638 956 2697 iuste.

219 2734 342 2815 Experti
363 2756 460 2816 nuper
479 2756 583 2795 sumus
603 2755 694 2814 ergo,
715 2733 900 2815 sceptrifer,
921 2754 1043 2807 omnes,

141 2834 264 2911 Quanta
283 2842 370 2892 tuum
392 2844 495 2914 pectus
514 2840 615 2893 servat
634 2834 805 2915 praesentia
825 2832 903 2913 regis

138 2930 299 3010 Caelestis,
322 2932 443 3012 propria
463 2931 597 2991 bonitate
615 2929 747 3013 pericula
768 2928 891 3013 pellens.

138 3030 218 3091 Nam
238 3052 307 3090 cum
328 3028 408 3091 rnole
429 3052 508 3090 nova
529 3052 620 3113 supra
639 3040 671 3091 te
697 3032 785 3091 navis
805 3030 911 3112 iniqua

139 3128 208 3191 Sese
231 3151 300 3190 cum
322 3130 419 3191 ventis
440 3128 563 3191 veheret
583 3130 717 3213 velisque
738 3128 896 3204 nefandis,

139 3230 240 3312 Atque
260 3228 340 3291 salus
361 3229 470 3291 dubiae
490 3229 634 3312 penderet
655 3231 785 3291 maxima
805 3232 905 3306 vitae,

138 3330 246 3403 Vitae,
269 3352 331 3411 qua
351 3328 430 3411 leges
450 3330 570 3407 Latiae,
597 3352 657 3411 qua
679 3341 787 3391 cuncta
805 3339 963 3389 tenenturr

140 3428 208 3508 lpse
228 3429 312 3489 Deus
333 3428 444 3511 pelago·
459 3449 598 3511 praesens
619 3428 755 3489 exhausit
774 3429 814 3489 ab
835 3428 916 3508 alto,

140 3528 279 3605 Quantus
300 3528 383 3589 adest
402 3550 457 3609 pro
476 3537 524 3606 te,
546 3528 705 3589 ostendens
725 3528 900 3589 discrimine
914 3551 1045 3613 magno,

139 3624 211 3685 Non
234 3625 320 3687 aliter
339 3647 490 3689 summum
513 3626 617 3689 solitus
638 3638 806 3689 monstrare
826 3627 973 3690 savorem.

139 3725 249 3786 Sancta
268 3728 336 3807 pios
359 3726 496 3787 homines
516 3738 663 3789 testantur
683 3728 794 3809 scripta
816 3748 870 3810 per
890 3749 1016 3807 aevum,

139 3824 302 3907 inquibus
322 3826 464 3887 historiae
484 3824 559 3889 tales
581 3840 651 3888 sunt
671 3826 754 3887 mille
775 3827 950 3904 bonorum,

140 3924 279 4001 Quorum
300 3928 342 3985 sie
364 3928 460 3989 virtus
479 3926 677 4009 praefulserat
697 3929 838 3987 omnibus
857 3931 964 4010 annis,

139 4024 252 4085 Dextra
273 4025 356 4106 quod
379 4028 488 4109 eripuit
509 4026 612 4089 divina
632 4048 649 4088 e
669 4026 787 4089 casibus
808 4027 886 4096 ittos.

215 4154 274 4207 270.
294 4140 382 4193 omnir
400 4140 458 4195 cod.
