3050 4892
296 268 352 371 48
735 283 946 349 nuceam
1002 338 1006 344 .
1091 362 1099 369 p

160 444 375 533 Α,ο,366πρός
395 444 581 527 συμμαχίαν
599 434 753 526 ἥκοντας.
795 438 835 522 ἐκ
860 431 980 499 τσότων
1001 434 1036 499 dl
1066 435 1130 499 τῶν
1151 430 1385 520 προφόσεωνό

205 538 448 619 ΙΙ1ἆ·9Σκυθικός
466 540 656 626 ἆνεγείρεται
676 537 834 619 πόλεμος,
856 536 902 623 τῷ
918 536 979 616 μὲν
998 534 1153 615 α’ξιῶματι
1172 538 1237 600 τῶν
1256 530 1386 599 συνιόν-

150 609 360 733 vssifffiffirmv
379 644 484 707 ἐθνῶν
502 639 558 704 καί
576 646 642 713 τοῖς
660 640 809 721 μεγέθεσι
829 634 894 727 τῶν
915 633 1123 716 παρασκευῶν
1136 626 1289 715 ε’πίμέγα
1305 654 1384 716 προ-

217 741 452 828 Ρ.19βη’σεσθαι
471 737 527 803 καί
543 733 702 822 χωρήσειν
724 730 931 817 πολυτρόπων
950 736 1124 815 συμφορῶν
1147 732 1204 795 καί
1223 728 1384 815 σίτεκμόρ-

295 866 350 907 του
369 837 467 925 τόχης
496 836 742 922 προσδοκηθείς,
769 836 808 920 τῇ
833 834 869 897 δὲ
897 832 955 896 τοῦ
982 833 1137 913 βασιλέως
1166 829 1294 915 ὀξύτητι
1324 832 1404 903 καί5

297 940 429 1028 προνοίη
449 937 647 1018 κατενεχθεὶς
667 931 722 995 ini
739 928 775 995 τδ
798 928 958 1017 σταθερὸν
977 932 1034 994 καί
1052 923 1298 1015 ἀσφαλέστερον.
1358 979 1364 989 .

160 1056 290 1128 A.c.376
380 1036 417 1113 ς’.
449 1033 520 1103 Ὅτι
539 1038 602 1099 τῶν
623 1034 756 1098 Σκυθῶν
778 1029 973 1115 ἡττηθέντων
1001 1031 1058 1091 καί
1085 1024 1148 1091 όπό
1169 1029 1231 1091 τῶν
1254 1018 1384 1093 oium

155 1194 158 1201 .
202 1127 531 1223 led-‚idvauseercov
551 1134 607 1197 καί
625 1122 726 1218 όρδην
748 1130 972 1209 ἀπολλυμένων
990 1125 1028 1191 τό
1049 1128 1179 1211 πλῆθος,
1201 1124 1311 1209 οἱμὲν
1331 1128 1385 1211 ἐγ-

160 1196 610 1339 νῖὲῗῗξκαταλαμβανόμενοι
630 1228 688 1295 σόν
707 1230 834 1315 γυναιξί
851 1228 908 1292 καί
925 1229 1043 1301 τέκνοις
1063 1225 1300 1313 διεφθείροντο,
1327 1229 1385 1291 καί

295 1334 429 1417 οόδεμία
449 1328 551 1420 φειδῶ
579 1332 635 1414 τῆς
662 1326 738 1416 περί
754 1325 830 1403 τοός
850 1325 968 1413 φόνους
997 1318 1038 1412 ἦν
1058 1323 1235 1409 ω’μότητος.
1275 1323 1310 1389 τό
1341 1328 1425 1393 diro

297 1434 490 1501 συναλισθὲν
516 1432 571 1495 καί
598 1426 680 1518 Ιπρός
710 1424 815 1515 φυγήν
842 1426 989 1511 ὁρμῆσαν
1015 1428 1134 1510 πλῆθος
1158 1426 1219 1507 μὲν
1240 1424 1280 1487 ori
1299 1421 1380 1489 πολό

267 1533 357 1600 Βτῶν
388 1526 488 1595 εἶ’κοσι
518 1527 686 1613 μυριάδων
713 1522 909 1592 ἀποδέουσαι
936 1525 1096 1608 συνῆλθον
1125 1525 1158 1601 ἐς
1184 1522 1221 1590 τό
1237 1522 1384 1608 μάχιμον

294 1624 518 1714 όκμαζοόσας.
547 1629 752 1711 *κινηθέντες
771 1624 827 1689 καί
845 1633 915 1698 ταῖς
936 1616 1052 1707 όχθοιις
1070 1622 1254 1700 ἐπιστάντες
1271 1620 1384 1707 χοῖρός

294 1754 329 1795 τε
350 1721 467 1813 ῶρεγσν
487 1727 658 1815 πόρ’ῥωθεν
676 1730 743 1808 μετ’
766 1724 959 1810 ὀλοφυρμῶν
980 1723 1036 1787 καί
1051 1727 1147 1809 βοῆς,
1167 1725 1225 1787 καί
1241 1727 1382 1808 προέτει-

293 1850 349 1894 νον
369 1826 537 1913 λκετηρίας,
556 1825 768 1910 ἐπιτραπῆναι
788 1822 846 1907 τὴν
869 1820 1020 1904 διάβασιν
1039 1826 1305 1906 παρακαλοῦντες,
1327 1823 1427 1890 καίιὸ

294 1923 462 2013 την-σφῶν
482 1920 650 2011 συμφορόν
671 1922 877 2008 δδυρόμενοι,
905 1919 961 1986 καί
981 1918 1164 2007 προσθήκην
1194 1924 1235 2007 τῇ
1253 1945 1382 2003 σνμμα·

293 2025 351 2115 χίρι
372 2028 519 2111 παρέξειν
541 2021 809 2106 ἐπαγγελλόμενοι.
850 2022 881 2084 οἱ
900 2022 936 2085 δὲ
955 2030 1024 2095 ταῖς
1044 2010 1160 2101 όχθαις
1180 2021 1383 2103 ἐπιτεταγμέ-

294 2147 344 2188 νοι
371 2123 536 2205 Ῥωμαίων
562 2122 654 2187 οὐδὲν
674 2118 800 2207 ἔφασαν
820 2119 950 2205 πράξειν
976 2112 1052 2185 ῶνευ
1073 2123 1228 2202 βασιλέως
1246 2116 1384 2203 γνῶμης.

295 2225 443 2287 ἐντεῦθεν
464 2216 658 2306 ἀναφέρεται
675 2222 734 2301 μὲν
755 2218 811 2284 ε’πί
828 2217 881 2284 τόν
899 2218 1075 2308 βασιλέαῆ
1097 2220 1227 2302 γνῶσις·
1266 2222 1384 2303 πολλῆς

271 2320 336 2386 cdi
357 2312 534 2400 ἀντιλογίας
552 2320 737 2403 γενομένης,
758 2320 815 2382 καί
832 2321 955 2383 πολλῶν
974 2319 1026 2405 ἐφ’
1044 2313 1177 2403 ἑκάτερα
1196 2322 1329 2401 γνωμῶν
1347 2318 1428 2389 e'rno

293 2419 337 2505 τῷ
354 2420 508 2505 βασιλικῷ
526 2411 667 2507 συλλόγῳ
689 2413 858 2513 ρηθεωῶν,
886 2414 974 2495 ἔδοξε
992 2421 1036 2506 τῷ
1054 2422 1199 2502 βασιλεῖ.
1236 2418 1293 2483 καί
1319 2415 1383 2502 γὰρ

369 2588 408 2641 13.
424 2584 598 2657 κινηθέντες]
632 2584 795 2651 νικηθέντες
819 2584 852 2639 lt
986 2602 1024 2656 ιη.
1042 2584 1147 2656 ίπιιγγ.
1165 2583 1376 2650 commelinua,

366 2654 476 2727 dnoeyy.
494 2655 566 2726 vulg.
1061 2664 1067 2677 '
1279 2672 1291 2707 r

315 2818 375 2865 atoa
392 2813 452 2865 iure
470 2811 569 2874 teneri,
585 2818 614 2863 et
632 2826 688 2876 eoa,
706 2812 754 2882 qni
773 2819 930 2881 praetentae
950 2818 1038 2875 erant,
1062 2810 1183 2865 hortium
1200 2826 1314 2863 numero
1330 2810 1383 2863 ba·

298 2828 384 2947 bere,
411 2880 634 3005 puandoquidem
662 2881 790 2935 hortibus
819 2883 952 2934 auxilium
979 2882 1066 2933 iatum
1091 2885 1238 2935 venissent.
1272 2883 1313 2934 Ex
1336 2879 1382 2933 hia

299 2952 386 3005 caurio
431 2952 568 3019 cythieum
586 2955 732 3006 excitatum
752 2961 794 3005 eat
810 2952 930 3015 bellurn,
956 2952 1033 3021 quod
1051 2962 1080 3006 et
1098 2953 1231 3023 (lignitate
1249 2953 1383 3021 gentium,

299 3038 370 3095 quae
402 3024 543 3087 coierunt,
567 3032 595 3075 et
621 3024 812 3091 magnitudine
834 3031 1014 3092 apparatuum
1036 3040 1159 3093 magnam
1183 3022 1320 3075 variorum
1336 3038 1384 3073 ea-

298 3109 377 3145 auum
407 3100 435 3145 et
458 3094 578 3160 incertae
605 3092 733 3147 fortunae
758 3095 989 3161 exspectationem
1011 3094 1157 3156 movebat,
1181 3092 1231 3145 aed
1255 3093 1383 3144 acumine

298 3160 397 3284 {indidi
424 3164 598 3232 Imperatoria
617 3171 647 3215 et
662 3163 835 3235 providentia
861 3163 897 3215 ad
915 3164 1022 3215 firmum
1039 3171 1069 3217 et
1085 3172 1176 3217 tutum
1195 3163 1301 3217 exitum
1317 3176 1384 3233 per*

320 3242 412 3288 netum
431 3240 479 3285 eat

369 3307 394 3359 6.
432 3302 538 3371 Scythia
554 3304 633 3356 vietis
650 3310 679 3355 et
692 3302 727 3354 ab
746 3304 853 3357 Hunni·
866 3305 951 3356 caeeis
969 3304 1044 3357 etad
1060 3302 1277 3357 internecionem
1294 3316 1384 3373 noque

302 3372 417 3437 deletis,
445 3390 547 3437 omnen,
563 3375 612 3443 qui
631 3376 703 3441 capti
723 3382 810 3437 erant,
832 3391 893 3426 eum
910 3373 1073 3427 mulieribua
1093 3383 1122 3427 et
1138 3390 1232 3427 eorum
1252 3373 1316 3425 fiilia
1333 3376 1384 3426 in·

300 3444 428 3511 terempti
447 3454 520 3506 aunt,
539 3462 601 3497 curn
618 3446 711 3497 nullut
729 3443 899 3497 erudelitatia
917 3454 948 3497 et
962 3444 1088 3498 caedium
1106 3453 1178 3498 eaaet
1193 3444 1311 3506 modun,
1331 3443 1384 3527 φοί

301 3522 393 3565 autem
411 3514 518 3566 collecti
539 3518 688 3584 effugerant
705 3531 761 3566 non
778 3516 868 3567 minua
887 3532 970 3586 quam
988 3513 1131 3567 hominum
1149 3514 1265 3566 ducenta
1285 3513 1385 3573 millia,

301 3580 338 3633 ad
354 3582 459 3635 bellum
477 3585 535 3651 apti
561 3594 590 3638 et
606 3594 696 3638 aetate
713 3586 860 3649 florentes,
878 3595 1070 3639 convenerunt.
1106 3588 1203 3655 ltaque
1220 3585 1336 3652 profecti
1354 3592 1386 3636 et

301 3652 337 3705 ad
362 3652 449 3721 ripam
472 3660 589 3717 etentes,
617 3672 711 3707 manna
738 3656 920 3727 elonginquo
945 3657 1138 3725 porrigebant,
1162 3664 1191 3708 et
1207 3671 1301 3722 prece·
1320 3670 1384 3705 eum

300 3724 368 3776 fletu
386 3730 416 3774 et
431 3723 626 3777 vociferatione
644 3725 821 3791 emittebant,
849 3728 1038 3779 traiectionem
1055 3727 1109 3779 eibi
1126 3723 1240 3778 concedi
1258 3724 1386 3793 flagitan-

299 3801 362 3857 ter,
380 3808 456 3845 auam
477 3792 580 3845 cladem
599 3793 795 3865 deplorabant,
818 3805 846 3848 et
864 3814 893 3849 ae
910 3798 967 3850 illio
984 3797 1157 3867 praebituros
1177 3794 1276 3847 anxilii
1292 3810 1386 3847 aeaea-

301 3862 406 3914 aionem
429 3860 611 3932 spondebant
645 3868 680 3919 At
704 3866 828 3930 Romani,
851 3868 901 3938 qui
926 3868 992 3937 ripia
1011 3874 1163 3939 praeerant,
1186 3864 1306 3917 nihilne
1324 3865 1384 3917 niti

300 3934 474 4000 Imperatoria
493 3934 568 3985 iussu
586 3934 704 3989 facturos
723 3936 930 4007 responderunt
968 3936 1153 4009 Quamobrem
1176 3936 1258 3989 buiua
1275 3935 1317 3987 rei
1333 3950 1384 3986 eo-

300 4002 388 4073 gnitio
406 4010 448 4054 eat
465 4004 501 4056 ad
516 4005 709 4073 Imperatorem
729 4006 828 4060 delata.
864 4008 932 4059 Cum
950 4025 993 4061 rea
1011 4008 1041 4061 iu
1058 4023 1153 4075 magna
1169 4006 1302 4059 varietate
1320 4021 1383 4056 vers

300 4081 406 4127 erretur
423 4072 565 4145 multaque
581 4074 612 4125 in
630 4084 773 4148 utramque
791 4087 897 4149 partem
916 4081 947 4131 in
963 4077 1078 4130 coneilio
1094 4076 1227 4145 principio
1245 4075 1319 4127 dicta
1336 4090 1383 4127 ea-

301 4150 377 4207 ram,
409 4144 520 4198 tandem
543 4162 668 4201 aaaenaua
693 4157 751 4211 eat,
782 4148 900 4202 maxime
922 4157 1036 4219 propter
1060 4147 1281 4211 aemulationem,
1299 4162 1384 4217 quam
