3050 4892
426 342 480 409 uu
507 342 640 410 nmis
659 342 881 414 seminis.
1045 448 1048 455 Ι
1147 310 1201 438 ἰγ

103 496 364 585 αομφερομένοις
385 497 507 584 άνάγισγ
535 500 595 565 sori
625 504 788 583 βελτίστου
816 500 1027 588 άμαρτάνειν.
1069 506 1126 571 καί
1143 508 1340 581 so-t.c‚s7o

101 606 196 682 χεῖαι
214 598 275 677 μὲν
295 594 386 679 ipsis
407 593 442 661 αῖ
462 599 695 685 ἐπιχειρήσεις,
730 600 774 663 δι’
803 594 911 683 iuius
940 603 977 666 di
1006 598 1042 667 oi
1060 584 1348 687 μεταμάιωθω·1

103 702 210 762 ieros.
263 696 321 759 καί
346 690 382 757 τδ
419 695 550 779 σύμπαν
577 696 658 764 κατά
690 696 725 764 τά
753 695 838 774 sinric
865 698 1031 782 θαύματος
1060 701 1203 787 ainvilla-

103 818 201 877 ιεται,
234 790 427 871 α’ντιπάλοος
443 791 521 879 ήμῖν
546 798 704 880 τυχόντας
723 800 780 863 καί
798 797 890 882 ήθάίν
919 800 1078 881 άνομοίων
1096 801 1153 866 καὶ
1170 806 1204 881 ἐς

82 894 165 972 §ede
182 888 311 977 γνάμας
336 898 562 977 τραπομένων
586 896 746 963 διεστάναι
773 896 832 961 οδε
859 891 1119 985 ἀποτετιμηκώς,
1148 905 1263 979 staini·

103 991 192 1075 ὑμεῖς
211 994 272 1073 μὲν
292 986 436 1081 ἀμαθίᾳ,
471 993 558 1078 ἡμᾶς
579 998 615 1061 δὲ
635 992 717 1085 λόγῳ
739 1004 902 1079 σονεῖναις
939 997 1000 1064 σὺν
1017 990 1045 1088 ᾧ
1064 998 1205 1083 μάλιστα

102 1094 162 1158 καί
179 1088 217 1157 εδ
248 1100 373 1177 κρατεῖν
392 1089 468 1170 τούς
489 1090 610 1178 ήσσοος
629 1098 693 1160 τῶν
712 1096 866 1161 πλειόνων
885 1098 1097 1183 περιγίνεται,
1128 1126 1205 1169 σον·

103 1192 172 1256 ἐστι
193 1186 256 1275 πρὸ
280 1188 446 1273 δυνάμεως
467 1190 690 1269 πιστεύοντας.
730 1192 806 1268 τοάς
832 1217 868 1259 τε
895 1197 1042 1273 πλείονας
1070 1197 1132 1265 σάν
1158 1190 1207 1290 τρῖ

103 1292 262 1380 ἀλογίστῳ
285 1288 341 1354 διδ
360 1289 469 1376 μάχης
488 1290 596 1369 ἰόντας
615 1293 724 1358 κάκιον
747 1294 956 1377 α’μανάσθαι,
993 1294 1088 1383 ἔργον
1108 1302 1203 1388 πείρᾳ

67 1393 227 1473 ιομᾶλλον
249 1382 271 1473 ἢ
292 1384 386 1472 λόγου
407 1393 650 1484 κομπωδεστέρρι
670 1392 877 1478 προσποιήσει
898 1393 1107 1479 διδάσκεσθε,
1129 1402 1205 1481 βλέ-

101 1506 221 1574 ψαντες
244 1490 277 1565 ἒς
294 1485 335 1553 τά
356 1492 491 1556 §sudreie
509 1489 617 1576 πάδη·
658 1489 737 1575 μετά
767 1494 978 1580 σαφεστάτων
1006 1493 1067 1585 γάρ
1087 1522 1205 1585 cespes]-

100 1591 183 1676 ρι’ων
202 1590 259 1654 καί
283 1588 341 1653 οὐκ
359 1586 532 1676 α’μάρτορα
553 1594 700 1674 λέξομεν.
742 1585 832 1657 οὗτοι
859 1590 900 1680 δή
931 1594 1103 1683 τριάκοντα
1135 1623 1202 1680 μο·

102 1688 194 1777 ριάσι
214 1688 351 1775 στρατοῦ
370 1688 422 1776 ἐφ’
441 1684 593 1775 ἑκατέρας
611 1689 670 1767 τάς
689 1690 839 1778 ήπείροος
868 1695 1095 1774 σκεδασθέντες
1115 1699 1202 1788 πάσῃ

102 1791 144 1879 τῇ
166 1787 304 1871 δυνάμει
327 1785 519 1875 ἡττήθησαν
538 1789 615 1873 πρὸς
635 1790 748 1875 ήμῶν,
768 1794 824 1857 καί
842 1791 974 1880 λαμπρά
995 1804 1062 1872 τοῖς
1081 1820 1204 1882 νενινη·

66 1886 194 1959 ιόκάσιν
214 1886 418 1954 ὑπελείποντο
444 1890 502 1973 τῆς
533 1890 650 1965 οἰκείας
671 1890 788 1977 άρετής
806 1888 1021 1976 άπομνήματα
1033 1944 1044 1975 ,
1069 1885 1114 1959 ὧν
1138 1894 1269 1980 vienn

100 1980 252 2055 εὔκλειαν
271 1990 305 2063 ἐς
324 1984 360 2052 τὸ
387 1989 539 2063 παντελὲς
568 1988 677 2069 ἕξομεν
696 1989 753 2054 νῦν
771 2011 807 2052 τε
826 1993 882 2054 καί
901 1986 1029 2071 ἔπειτα,
1057 1996 1104 2081 τῷ
1121 1995 1202 2078 χρό-

101 2111 145 2177 νιρ
174 2090 488 2173 σομπαραδέοοσαν.
537 2082 593 2162 τάς
619 2109 653 2151 τε
689 2088 880 2168 ’Λλαμανοῖν
905 2086 1078 2175 συμφοράς
1112 2085 1227 2180 άγεινρ-

100 2191 190 2275 σφᾶς
208 2187 267 2253 τοῦ
286 2188 459 2272 προχείρου
479 2188 524 2273 τῷ
547 2183 787 2275 άναρᾷιφδέντι
813 2189 873 2270 τῆς
892 2187 1123 2275 ἐπιχειρήσεως
1141 2218 1203 2257 τα-

98 2288 246 2373 χυτέραν
273 2288 329 2350 καί
357 2287 398 2350 δι’
426 2280 530 2368 ὀλίγον
561 2281 668 2350 ἔθεντο
697 2282 758 2370 τήν
785 2282 1001 2370 μετάγνωσιν·
1042 2288 1135 2374 tiliis&
1163 2314 1199 2357 τε

63 2389 158 2454 noim*
178 2392 250 2461 ταῖς
269 2383 497 2469 πλημμελείαις
515 2383 628 2467 ὑμῶν,
668 2376 720 2461 αἷς
739 2386 785 2461 εἷς
812 2386 897 2470 ήμοῖς
928 2388 1199 2475 ἒπλημμελήσατε,

175 2514 200 2566 5.
222 2508 455 2585 δποπεποιηνάς]
472 2508 612 2572 άπεοικδς
625 2512 658 2565 Η.
729 2530 755 2585 7.
783 2508 901 2635 ἥσσοσι]
920 2508 1019 2579 ἥττους
1043 2514 1086 2568 ed.
1105 2513 1153 2581 a,
1172 2520 1200 2571 l-

173 2596 245 2640 σοιιτ
261 2584 332 2651 vulg·
388 2586 412 2637 8.
430 2573 488 2653 πρά
504 2582 642 2656 Ν.,τιρδτ
657 2584 729 2653 vulg.
834 2603 860 2655 9
898 2584 1062 2657 μσνάοδαι]
1103 2586 1200 2641 duui-

173 2652 331 2706 terrerem
351 2654 421 2705 coni.
441 2655 469 2705 B.
481 2692 489 2718 ,
503 2654 673 2726 ἀμύνασθαι
686 2656 720 2706 Η.
786 2670 827 2708 ιο.
842 2656 993 2722 dilatante
1011 2660 1058 2709 vul
1077 2696 1082 2708 .
1158 2678 1199 2729 ιγ.

176 2726 450 2795 συμπαραθέουσαν.
478 2724 529 2782 τάς
554 2726 696 2791 Valesius,
715 2724 1001 2797 συμπαραδιίοαντάς
1018 2676 1097 2784 codd.
1149 2727 1197 2785 ‘A—

177 2796 315 2867 λαμανῶν
338 2793 575 2871 Ν.,ιγαλμιο’νοον
591 2794 671 2851 codd.

102 2914 141 2968 ad
161 2932 204 2969 res
223 2914 353 2987 gerendas
371 2917 511 2983 seruntur,
536 2916 586 2972 hos
612 2918 643 2971 in
667 2918 771 2990 optima
798 2932 910 2990 quaque
937 2934 967 2971 re
993 2919 1064 2971 sires
1082 2916 1196 2974 minime

104 2988 224 3039 delicere
240 3002 350 3041 neccsse
369 2996 418 3041 est.
464 2990 585 3043 Conutus
601 2998 640 3042 'st
659 2992 843 3058 aggressiones
863 2996 969 3041 vestrae
996 2999 1060 3043 sunt
1086 2991 1196 3045 subitae

103 3067 133 3111 et
150 3062 313 3128 repentinae
338 3068 367 3112 ct
390 3060 467 3113 brevi
485 3066 548 3130 post
566 3062 746 3129 poenitentia.
781 3062 813 3111 In
826 3060 984 3113 universum
997 3069 1108 3114 nonest
1121 3058 1197 3131 quod

102 3130 250 3191 miremur,
267 3146 315 3183 ros
334 3144 415 3201 quam
435 3130 581 3183 adversarii
591 3132 671 3184 nobis
682 3132 742 3184 sitis
752 3137 782 3183 et
792 3129 961 3183 diversorum
972 3148 1093 3196 morum,
1112 3133 1196 3185 etiam

103 3216 198 3252 rerum
223 3200 402 3268 gerendarum
427 3201 550 3254 consiliis
568 3219 584 3252 a
602 3201 682 3253 nobis
707 3201 810 3253 distare
828 3202 841 3229 ⁴¹
858 3200 873 3227 *
895 3209 924 3255 et
949 3219 997 3254 vos
1023 3203 1196 3268 temeritate,

101 3286 156 3323 uos
176 3271 291 3323 consilio
308 3269 452 3339 congredi,
477 3290 532 3345 quo
550 3270 725 3341 paucioribus
743 3288 854 3344 quoque
870 3290 927 3325 non
944 3289 1005 3324 ruso
1023 3273 1117 3343 plures
1134 3273 1196 3326 viu-

102 3356 170 3393 cere
188 3341 310 3409 contigit,
330 3340 393 3392 dum
411 3342 558 3412 prudentis
574 3343 676 3413 potius.
690 3341 883 3414 qusmriribns
896 3343 1066 3401 nitebantur,
1100 3343 1195 3397 Plures

100 3418 200 3463 autem
220 3417 322 3463 temere
340 3422 368 3464 et
386 3413 573 3481 imprudenter
590 3414 727 3481 proelium
744 3414 872 3467 ineuntes
889 3412 963 3465 malo
982 3414 1066 3477 affici,
1084 3432 1114 3467 re
1132 3415 1193 3483 ipsa

99 3481 216 3553 potius,
233 3499 312 3553 quarn
330 3483 475 3535 verborum
495 3484 661 3553 elegantiore
679 3493 779 3537 ornatu
798 3484 934 3535 didicistis
945 3482 1105 3549 Scytharum
1122 3486 1192 3537 mala

102 3553 257 3605 intuentes.
274 3552 507 3606 Manifestissimis
519 3556 592 3606 euius
612 3552 723 3607 indiciis
734 3554 935 3608 ettestimouiis
953 3560 1018 3603 nota
1036 3562 1193 3626 testataque

101 3624 239 3675 dicemus.
275 3623 320 3676 liii
348 3624 469 3677 exercitu
495 3632 679 3677 trecentorum
704 3626 822 3677 millium
850 3625 993 3677 huminum
1022 3626 1056 3677 ab
1075 3634 1135 3679 utra
1156 3642 1192 3680 ue

100 3702 184 3763 parte
202 3694 280 3763 ripae
306 3696 493 3763 expositorum
524 3703 691 3766 pugnantes,
721 3696 848 3748 omnibus
872 3694 977 3747 viribus
993 3703 1058 3747 sunt
1076 3712 1091 3747 a
1110 3714 1145 3749 no
1167 3698 1192 3749 is

100 3764 192 3815 deleti
212 3770 242 3814 et
261 3768 389 3834 superati.
436 3765 522 3819 Cuius
553 3772 664 3819 nostrae
687 3766 796 3819 virtutis
826 3766 898 3817 clara
923 3765 1072 3818 victoribus
1095 3766 1191 3819 relicta

99 3842 168 3887 sunt
187 3844 380 3901 monumenta,
406 3852 441 3889 ex
467 3836 567 3906 quibus
589 3837 774 3889 immortalem
795 3835 877 3887 nobis
895 3836 1006 3905 gloriam
1026 3844 1054 3890 et
1070 3854 1145 3889 nune
1161 3848 1191 3891 et

101 3906 232 3975 sequenti
254 3911 376 3974 tempore
395 3906 551 3959 duraturam
570 3908 735 3975 peperimus.
772 3906 840 3958 Cum
859 3908 1124 3976 euimpraepropcro
1138 3910 1192 3959 im·

101 3984 168 4044 pctu
187 3975 224 4027 ad
240 3976 316 4045 ripas
336 3977 427 4029 lurore
445 3978 609 4046 praecipites
627 3975 655 4027 in
674 3978 823 4028 certamina
842 3978 974 4042 ruissent,
992 3993 1087 4030 eorum
1105 3986 1192 4030 terue-

101 4046 201 4097 rariam
223 4052 252 4097 et
277 4046 459 4101 inconsultam
479 4048 514 4099 ad
532 4044 743 4117 aggrediendum
769 4048 826 4097 irru
848 4050 951 4100 tionem
983 4048 1099 4099 celerior
1115 4046 1192 4101 brevi

100 4123 165 4181 post
184 4115 360 4185 poenitentia
383 4128 424 4171 est
441 4125 596 4172 consecuta.
632 4116 667 4167 Et
682 4130 744 4170 vero
763 4136 812 4187 pro
828 4064 887 4181 dis,
906 4134 976 4189 quae
995 4120 1024 4167 in
1038 4134 1089 4168 nos
1102 4117 1192 4169 admi·

101 4184 177 4237 sistis
194 4194 223 4238 et
240 4188 459 4252 commeruistis,
477 4206 523 4241 eas
542 4202 611 4261 quas
630 4188 721 4241 inistis
746 4204 850 4261 poenas
874 4190 988 4242 minime
1005 4188 1131 4241 sufficere
1148 4187 1193 4238 iu·

134 4282 296 4355 mappas,
308 4282 456 4359 Eutropius
469 4296 521 4342 ete.
973 4296 991 4335 a
