3050 4892
303 208 333 310 4
741 221 955 290 nnooerrra

306 385 361 468 τής
381 383 472 470 σφών
505 376 607 443 adreio
626 370 827 454 πολυμαθίας
856 373 966 450 δεῖγμα
986 366 1114 450 ἐναργὲς
1133 369 1200 440 τοῖς
1215 366 1385 446 μετέπειτα

307 486 487 548 καταλιπεῖν
519 473 730 560 ίμειρόμινοι,
759 473 850 534 τοῦτο
886 471 922 534 δὲ
955 464 1010 532 καί
1028 457 1170 529 εὔκλειαν
1197 457 1385 546 άειμνηστον

308 583 343 644 ἐκ
363 580 426 645 τών
446 570 696 658 ἐντυγχανόντων
723 565 955 654 καρπώσασθαι
986 559 1152 647 μνώμενοι.
1195 559 1266 628 ἐπεὶ
1293 563 1329 626 δὲ
1347 564 1387 626 ἐκ

281 683 366 762 (λτής
394 679 459 742 τών
490 669 646 740 τοσοότων
676 671 754 734 ότών
781 665 973 750 περιθρομής
1002 654 1133 746 ἄπλετόν
1150 685 1182 726 τι
1201 661 1311 746 χρῆμα
1330 661 1390 724 καί

305 769 499 860 πραγμάτων
519 768 652 853 όγιγνετο
673 764 729 830 καί
747 766 846 847 λόγων
866 763 1028 842 ἐπλέκετο,
1059 757 1107 825 ἐπ’
1126 751 1257 844 ἄπειρόν
1275 780 1312 822 τε
1330 747 1407 820 nati

307 871 470 957 α’μήχανον
488 865 508 954 ἧ
528 873 584 953 τῆς
601 864 739 950 ἱστορίαις
759 861 906 947 εόρόνετο
926 857 1087 943 συμπλοκή
1094 909 1104 940 ,
1133 856 1200 922 ἔδει
1229 859 1266 922 δὲ
1296 855 1389 940 ἐπιρ-

308 973 492 1059 ῥεπόστερον
518 962 596 1052 πρός
634 961 673 1028 τά
699 965 799 1046 χείρω
826 955 883 1043 τήν
904 964 968 1023 τών
994 953 1171 1042 αἰθρώπων
1202 957 1388 1040 προαίρεσιν

307 1067 534 1153 μετατίθεσθαι
552 1057 679 1146 χρόνοις
700 1055 830 1142 ὕστερον
841 1107 851 1139 ,
874 1056 929 1122 καί
947 1055 1104 1142 ὀλιγώρως
1123 1053 1210 1137 ἔχειν
1229 1049 1308 1138 πρός
1343 1049 1387 1114 τά

252 1164 411 1249 Ρακαλά,
432 1162 486 1228 καί
505 1154 719 1250 ῥᾳθυμότερον
742 1159 921 1220 διακεῖσθαι
941 1160 1020 1239 πρὸς
1038 1150 1096 1236 τήν
1115 1155 1179 1217 τών
1199 1151 1390 1237 φθασάντων

308 1267 455 1351 γενέσθαι
476 1257 674 1342 κατάληψιν,
696 1253 829 1321 κατόπιν
848 1255 1011 1338 γινομένης
1031 1256 1086 1336 τῆς
1107 1251 1245 1335 άληθοός
1263 1244 1436 1314 interd-10

309 1371 407 1444 ξεως,
426 1359 470 1435 nie
491 1361 638 1424 ἐντεῦθεν
652 1356 768 1442 α’δηλίᾳ
783 1353 970 1432 σκιάζεσθαι
990 1348 1048 1435 τήν
1064 1353 1120 1434 τῆς
1134 1346 1274 1433 ἱστορίαις
1291 1339 1391 1432 iperi-

311 1483 413 1544 ρεσιν,
429 1459 473 1545 πῇ
487 1457 547 1538 μὲν
561 1451 673 1520 σπάνει
690 1451 817 1534 βίβλων·
828 1452 1019 1537 όπωφελών,
1038 1451 1083 1535 πῇ
1101 1449 1137 1512 δὲ
1160 1443 1238 1531 πρός
1258 1441 1317 1530 τήν
1337 1441 1392 1508 ότι-ι

310 1556 409 1642 τάδην
428 1557 614 1638 πολυλογίαν
635 1546 859 1632 δειμαινόντων
886 1551 943 1613 καί
966 1541 1267 1632 κατοήρωόοόντων·
1297 1539 1391 1627 ότής

311 1657 479 1742 πορφύρας
499 1648 649 1736 ἀπόγονος
669 1653 923 1724 Κωνσταντῖνος,
946 1645 963 1711 ό
985 1641 1226 1730 όρθοόοξότατος
1245 1640 1301 1706 καί
1316 1665 1393 1728 χρι-

290 1753 556 1826 Βστιανικώτατος
587 1751 651 1815 τών
679 1745 804 1812 πώποτε
828 1740 1127 1828 βεβασιλευκότων,
1161 1734 1462 1824 όξυωαέστερονιό-

312 1850 393 1938 πρός
415 1849 473 1934 τήν
495 1851 557 1913 τών
576 1849 679 1911 καλών
701 1842 892 1928 κατανόησιν
908 1846 1100 1922 διακείμενος
1126 1839 1181 1904 καί
1209 1834 1395 1923 δραστήριον

312 1948 454 2034 ἐσχηκώς
472 1949 563 2029 νόῦν,
585 1944 686 2032 ἔκρινε
707 1947 869 2026 βέλτιστον
887 1936 969 2006 εἶναι
989 1939 1044 2006 καί
1061 1939 1275 2026 κοινωφελὲς,
1296 1940 1339 2024 erpi
1359 1959 1396 2001 re

313 2053 372 2137 βίῳ
408 2045 623 2132 ὀνησιφόρον,
651 2040 799 2127 πρότερον
833 2042 891 2121 μὲν
913 2040 1060 2125 ζητητική
1084 2039 1238 2122 διεγέρσει
1265 2036 1397 2118 βίβλους

316 2139 450 2210 ἄλλοθεν
474 2135 572 2215 όλλας
594 2143 628 2218 ἐξ
650 2135 774 2220 ἁπάσης
787 2134 963 2219 ἑκασταχοῦ
976 2137 1155 2220 οἰκουμένης
1170 2135 1394 2214 συλλέξασθαι,

287 2243 515 2320 enarrationis
535 2241 591 2301 καί
608 2237 794 2310 πολυειόοῦς
812 2234 984 2319 ἐπιστήμης
1003 2236 1202 2317 ἐγκόμονας·
1233 2229 1339 2298 ἔπειτα
1358 2230 1442 2298 τόσα

315 2344 372 2422 τῆς
395 2337 604 2410 πλατυεπείας
623 2336 757 2417 μέγεθος
776 2335 832 2398 καί
850 2332 947 2408 οἶκοάς
962 2327 1141 2413 οἷποκναῖον,
1164 2325 1267 2407 άλλως
1286 2353 1321 2394 τε
1341 2329 1399 2393 καί

317 2430 455 2520 όχληρόν
475 2432 530 2497 καί
550 2430 698 2519 φορτικόν
732 2429 917 2518 φαινόμενον
946 2438 1011 2506 τοϊς
1030 2435 1179 2511 πολλοῖς,
1210 2432 1276 2497 δεῖν
1303 2429 1395 2520 ᾠήθη

396 2587 435 2641 18.
456 2582 586 2655 διηγήσει
604 2585 662 2638 Par.

319 2721 385 2760 aune
403 2707 494 2758 variae
514 2713 542 2756 et
564 2701 725 2773 multiplicis
744 2700 907 2759 eruditionis
926 2704 1032 2764 illnrtre
1056 2715 1261 2764 monumentum
1278 2709 1397 2778 porterit

320 2779 475 2847 relinquere
500 2775 658 2843 cupienter,
686 2774 784 2843 partim
807 2784 838 2828 nt
861 2777 934 2831 inter
951 2796 1015 2832 auor
1041 2782 1167 2853 aequales
1188 2781 1306 2832 nominis
1325 2779 1399 2830 eele-

319 2849 449 2900 hritatem
465 2844 573 2916 adepti,
591 2845 736 2896 immortali
748 2845 832 2912 glorie
852 2845 1015 2902 fruerentur.
1051 2853 1195 2922 Postquam
1211 2866 1275 2902 vero
1293 2851 1322 2900 in
1340 2857 1398 2900 tam

321 2918 402 2985 longo
430 2931 563 2966 annorum
583 2915 698 2966 decursu
725 2915 849 2967 infinitae
868 2933 910 2968 rer
938 2927 967 2970 et
991 2931 1142 2973 evenerunt
1166 2927 1195 2971 et
1211 2919 1311 2972 litterir
1333 2924 1400 2970 runt

323 2986 549 3056 comprehensae,
570 2987 599 3036 in
618 2987 781 3036 immensum
800 3001 911 3056 qnoque
930 2988 1061 3043 historiae
1080 2999 1204 3054 textura,
1230 2997 1261 3039 nt
1284 2990 1399 3040 minime

320 3056 513 3126 comprehendi
533 3063 641 3123 portet,
660 3063 702 3105 eat
721 3061 832 3105 extenta
850 3063 879 3108 et
895 3056 1016 3112 dilatate.
1053 3060 1107 3112 Sed
1125 3058 1323 3129 porterioribur
1340 3073 1403 3109 aee-

322 3129 390 3179 culia
410 3127 438 3178 in
458 3127 534 3195 peina
557 3124 696 3174 hominum
718 3132 843 3175 naturam
852 3128 999 3194 proclivior
1011 3131 1111 3182 mutari
1129 3145 1239 3184 neeerre
1259 3137 1324 3179 erat.
1343 3129 1402 3179 lta-

323 3216 378 3268 que
399 3213 458 3247 eum
478 3195 621 3246 honerturn
640 3192 722 3245 nihili
743 3193 892 3258 ducerent,
916 3201 1067 3268 portporlta
1090 3201 1213 3252 verines
1231 3207 1403 3250 commenta-

287 3269 293 3284 *
322 3271 417 3327 tione,
436 3266 646 3334 negligentiores
665 3263 749 3313 suisne
771 3267 910 3330 oportuit,
929 3285 1009 3338 quarn
1029 3279 1060 3323 ut
1082 3285 1123 3321 rer
1149 3270 1286 3339 praeclare
1313 3277 1402 3338 gestae

323 3337 430 3404 scriptia
448 3332 715 3403 comprehenderent.
754 3333 830 3385 Unde
848 3337 948 3388 lactum
975 3349 1017 3391 eat
1039 3339 1119 3392 modo
1138 3341 1270 3393 librorum
1290 3338 1403 3390 utilium

323 3407 457 3475 periuria,
487 3405 566 3456 modo
592 3411 736 3471 propterea
762 3403 837 3471 quod
866 3407 998 3473 prolixam
1022 3419 1051 3460 et
1074 3411 1213 3478 ingentem
1240 3409 1404 3477 scriptorum

323 3475 421 3556 molem
443 3474 567 3526 homines
585 3473 728 3524 horrerent
745 3481 774 3523 et
791 3486 994 3542 aversarentur,
1014 3487 1046 3529 ut
1061 3478 1192 3532 historiae
1210 3478 1401 3547 investigatio,

326 3559 455 3614 quoniam
475 3561 540 3612 vega
557 3551 586 3593 et
603 3543 705 3593 incerta
725 3551 798 3605 erat,
819 3543 848 3594 in
861 3547 983 3600 tenebris
1003 3551 1112 3601 iaceret.
1132 3550 1316 3618 Quamobrem
1326 3548 1404 3601 Cora·

327 3615 462 3688 plautinus
481 3612 739 3692 Porphyrogenltua,
758 3615 883 3683 princeps
902 3619 1038 3680 omniurn,
1062 3621 1109 3687 qui
1129 3626 1192 3671 ente
1210 3635 1239 3670 re
1257 3620 1404 3687 imperium

276 3723 279 3732 .
326 3681 738 3744 tenuerunt,Chrrrtianissimus
757 3690 785 3733 et
803 3687 917 3737 maxime
936 3688 1113 3750 orthodoxus,
1128 3706 1187 3740 eum
1206 3689 1356 3740 accuratior
1372 3687 1404 3739 in

326 3769 416 3806 rerum
433 3751 607 3832 honestarum
625 3752 807 3822 cognitionem
827 3754 1013 3821 incumberet,
1039 3761 1082 3810 vir
1098 3767 1224 3826 prompto
1243 3765 1272 3807 et
1287 3758 1342 3808 aeri
1360 3758 1406 3808 in·

215 3843 218 3848 ·
327 3824 424 3892 genio,
449 3831 581 3890 optimum
604 3839 661 3873 erre
680 3821 813 3874 indicarit
832 3831 911 3876 etex
929 3829 1051 3880 utilitate
1068 3828 1195 3896 publica,
1220 3828 1295 3880 ritae
1318 3828 1403 3878 etiem

326 3895 459 3944 hurrranae
478 3893 643 3943 fructuosum
662 3899 691 3942 et
711 3893 896 3956 commodum,
922 3899 1040 3965 primunr
1058 3895 1170 3968 quidem
1189 3897 1314 3966 diligenti
1337 3913 1403 3967 per·

327 3963 475 4033 quiritione
499 3963 568 4012 alior
593 3960 704 4012 aliunde
731 3963 816 4014 libror
843 3969 932 4018 omnia
956 3968 1062 4035 generis
1087 3969 1200 4019 reientia
1221 3969 1334 4019 refertor
1352 3982 1404 4034 per

327 4034 481 4085 universum
501 4040 629 4085 terrarum
655 4031 748 4083 orbern
768 4033 903 4103 colligere.
938 4037 1045 4088 Deinde
1065 4053 1124 4088 cum
1143 4039 1273 4090 immensa
1291 4051 1320 4088 et
1337 4051 1404 4088 con-

327 4103 388 4156 inre
405 4101 549 4157 verborum
567 4100 721 4170 congeriei,
746 4119 818 4171 qnae
837 4105 963 4158 anditum
986 4105 1139 4178 fatigabat,
1158 4108 1251 4161 nrnltir
1267 4107 1356 4178 gravi·
1374 4115 1404 4160 et
