3050 4892
492 235 756 303 numinum
783 238 987 304 ursionis.
1194 213 1282 301 335·

196 392 272 474 περί
299 390 355 472 τῆς
383 386 508 473 εἰρήνης
538 390 668 471 ἐμμένοι
701 388 893 474 συνθήκαις,
923 393 1002 459 κατά
1029 395 1065 459 di
1084 397 1148 461 τῶν
1166 391 1318 469 tumuit
1330 413 1419 483 (2⁵79

196 514 230 554 τι
251 488 306 552 καί
320 488 492 569 Ῥωμαίων
518 490 673 570 πολεμίων
692 492 882 573 Σκλαβιγνῶν
899 494 1015 576 χωρῶν
1042 484 1349 581 ούκ,α’φὲξεταιῙΨῙ·
1364 502 1395 537 ⁸²

198 590 259 652 τοῦ
286 584 379 670 ἔργου
409 588 466 671 τῆς
484 584 715 675 γεφυρύσεως·
743 591 775 651 εἰ
803 591 840 654 δέ
868 615 915 666 τις
935 587 1094 676 θαββὴσοι
1111 557 1404 679 ἹόομαίιουῖΙΙΝΜ

199 689 235 750 ἐ’-ν
254 686 331 769 γοῦν
351 685 480 771 α’φεῖναι
499 689 590 767 βέλος
608 684 687 752 κατά
709 690 773 752 ταῖν
787 688 1031 775 ἐπιχειρούντων
1049 690 1201 773 πηγνύναι
1224 690 1282 777 τὴν

179 786 367 871 ςγίφυραν,
394 780 558 867 γινώσκειν
586 783 713 867 αύτούς,
743 784 786 861 ὥς
820 788 915 852 αὐτοί
937 791 994 872 τῆς
1019 788 1121 863 αι’τίας
1141 792 1198 873 τῆς
1223 793 1288 856 τοῖν

199 886 344 947 σπονδῶν
365 873 499 967 ἤρξαντο
521 882 746 967 καταλύσεως,
766 881 823 949 καί
840 881 876 949 τύ
897 886 1065 968 ἐντεῦθεν,
1086 883 1142 950 ἅτε
1162 888 1290 952 ε’κπολε-

199 980 367 1063 μώσανιας
388 976 506 1057 αύτούς
526 980 563 1047 τό
586 980 728 1069 Ἀβάραν
748 980 851 1064 ἔθνος,
871 984 917 1068 μή
939 987 1137 1073 μέμφεσθαι,
1159 981 1220 1067 ὅ,τι
1249 986 1290 1051 dr

197 1084 273 1165 παρ’
296 1080 399 1147 αὐτῶν
423 1080 443 1165 ἦ
469 1079 642 1162 Ῥωμαίων
670 1078 821 1167 ἡγεμονία
846 1083 948 1170 πάθῃ.
998 1087 1099 1148 ταῦτα
1131 1085 1293 1162 (isthemo

200 1178 230 1245 οἳ
261 1179 295 1244 ἐν
321 1180 485 1265 Σιγγηδόνι
502 1178 578 1256 τούς
605 1176 720 1266 ύρκους
745 1184 824 1263 γοῦν
859 1179 959 1247 aristis
987 1179 1136 1264 ν’μνύναι·
1153 1207 1290 1268 προεκα·

162 1282 321 1349 ιολούντο.
361 1283 418 1345 καί
443 1276 479 1356 ὃς
504 1282 684 1365 παραυτίκα
713 1278 788 1355 τούς
815 1304 849 1345 τε
879 1281 1067 1366 Ἀβαρικούς
1087 1274 1212 1362 ὤμνυεν
1233 1278 1289 1368 dp-

199 1402 290 1459 κους,
317 1382 408 1465 ξίφος
439 1376 641 1459 σπασάμενος
676 1381 732 1443 καί
767 1380 1004 1465 ἐπαρασάμενος
1034 1374 1139 1469 ἐαυτῷ
1165 1405 1201 1445 τε
1229 1386 1285 1447 καί
1292 1387 1314 1441 G

203 1480 248 1565 τῷ
269 1474 413 1560 Ἀβάριον
432 1474 521 1541 ἔθνει
540 1478 642 1557 παντί,
673 1476 726 1557 ω’ς,
748 1479 780 1542 εἰ
798 1477 878 1542 κατά
898 1476 1072 1561 Ῥωμαίων
1089 1506 1120 1547 τι
1139 1477 1291 1566 μηχανά-

200 1600 294 1657 μενος
313 1579 477 1663 γεφυροῦν
496 1576 681 1657 βουλεύοιτο
701 1574 757 1643 τύν
772 1578 870 1659 Σάον,
891 1573 954 1642 siud
978 1578 1092 1665 ξίφους
1111 1582 1171 1661 μὲν
1191 1580 1289 1657 αύτύς

200 1700 234 1739 τε
253 1674 309 1741 καί
326 1672 362 1740 τὸ
382 1672 528 1761 ’Λβάρων
550 1672 635 1739 άπαν
656 1670 837 1759 ἀναλωθείη
857 1680 978 1762 φῦλον,
1005 1674 1060 1743 τόν
1087 1680 1122 1744 δὲ
1153 1676 1291 1764 ου’ρανύτ

163 1767 328 1843 ιὸάνιυθεν
348 1774 456 1848 υύτοῑς
476 1770 600 1837 καὶτὸν
618 1774 672 1838 ἐπί
689 1774 747 1838 τού
765 1774 903 1858 ούρανοῦ
920 1773 1000 1839 θεάν
1019 1778 1081 1860 πῦρ
1103 1774 1293 1864 ἐπαφήσειν,

200 1876 257 1939 καί
274 1871 314 1938 τά
334 1876 423 1957 πέριξ
444 1864 502 1957 ὅρη
523 1872 579 1935 καί
597 1870 657 1946 τάς
677 1868 756 1947 ύλας
775 1873 884 1948 αύτοῖς
904 1875 1123 1939 ἐπιπεσεῖσθαι
1132 1926 1143 1957 ,
1163 1877 1221 1938 καί
1238 1873 1293 1940 τὸν

201 1973 288 2039 Σάον
310 1968 450 2051 ποταμὸν
480 1967 722 2053 ύπερβλύσαντα
750 1968 967 2055 συγκαλύιμειν
990 1966 1115 2047 αύτούς.
1155 1975 1292 2039 τοιαῦτα

196 2072 401 2156 βαρβαρικῶς
421 2064 663 2150 άπομοσάμενος
683 2066 873 2153 ὅΧαγάνος,
891 2074 1004 2154 „mim”
1026 2066 1099 2157 ἔφη,
1120 2073 1199 2152 „uad
1216 2069 1293 2146 τούς

199 2168 378 2250 Ῥωμαάιυς
407 2161 521 2252 ύρκους
549 2165 685 2249 ύμνύναι
706 2166 893 2252 βούλομαι.”
946 2172 1003 2235 καί
1032 2166 1101 2251 ἅμα
1121 2163 1192 2257 ᾔτει
1213 2174 1292 2253 παρ’

160 2262 334 2349 υοαύτοῖν,
355 2270 391 2331 τί
408 2265 446 2351 δὴ
467 2263 577 2331 πιστόν
595 2291 630 2332 τε
649 2266 705 2333 καί
723 2269 896 2351 σεβάσμιον
916 2267 1001 2352 ἔχειν
1021 2270 1196 2352 νομίζοιεν,
1217 2272 1293 2332 καθ’

202 2360 243 2431 ού
262 2364 338 2440 τούς
359 2362 515 2447 σ’μνύνιας
536 2363 595 2451 τὴν
616 2368 676 2431 τού
697 2370 780 2431 θεοῦ
806 2369 919 2451 μῆνιν,
951 2360 990 2453 ἢν
1010 2370 1200 2455 ε’πιορκοῖεν,
1232 2367 1321 2431 edei)

202 2468 422 2553 ἐκφεύξεσθαι.
463 2466 663 2551 παραχρῆμα
685 2456 739 2531 σύν
761 2464 780 2529 ὅ
799 2469 857 2551 τῆς
878 2468 1065 2552 Σιγγιγύύνος
1096 2464 1216 2547 πόλεως
1235 2465 1294 2553 τήν

275 2604 313 2640 rn.
330 2589 492 2649 παντοίως,
517 2586 543 2637 εἰ
570 2584 603 2637 Η.
623 2601 675 2656 mg.
734 2586 773 2638 13.
793 2584 850 2637 dud
872 2602 917 2639 um
937 2585 979 2637 ed.
999 2586 1055 2639 Psr.
1131 2592 1169 2643 re
1195 2584 1295 2644 αύτοῖς

271 2656 315 2743 ii,
339 2654 426 2741 ρύιῆς
441 2656 513 2723 vulg.
602 2672 644 2708 nr.
672 2642 709 2707 οὗ
734 2645 803 2713 τούς
827 2658 855 2707 Β.
863 2694 874 2720 ,
899 2652 1006 2715 αύτούς
1030 2658 1101 2728 vulg.
1188 2654 1234 2730 ἤν]
1256 2655 1294 2712 ἄν

216 2804 219 2811 Ι
276 2744 310 2790 η,
335 2744 369 2791 ην
388 2728 421 2779 11.

208 2830 412 2883 conditionibus
442 2837 528 2893 stare,
554 2836 581 2881 et
606 2832 736 2901 quonium
757 2829 788 2881 in
812 2844 967 2881 communes
986 2846 1049 2882 suos
1068 2838 1096 2883 et
1113 2832 1293 2882 Romanorum

206 2900 297 2953 hostes
326 2908 440 2970 pergat,
468 2902 580 2952 minime
604 2918 632 2952 se
655 2918 723 2970 opus
749 2901 844 2968 pontis
868 2900 1043 2953 construendi
1067 2900 1292 2952 intermissurum.

206 2972 313 3043 Quodsi
353 2972 394 3023 uis
414 2972 593 3022 Romanorum
617 2972 718 3023 audeat
742 2970 787 3021 vel
807 2986 892 3020 unum
919 2970 1006 3022 telum
1034 2972 1171 3023 coniicere
1188 2972 1218 3019 in
1237 2986 1293 3033 cos,

205 3044 256 3111 qui
273 3050 352 3112 pontt
371 3040 542 3093 aedificando
553 3058 663 3093 manum
676 3040 868 3101 admoverent,
892 3040 927 3091 sb
948 3042 1014 3109 ipsis
1027 3040 1168 3092 foederum
1187 3040 1296 3091 violen-

206 3112 304 3165 dorum
317 3112 428 3163 initium
448 3114 546 3163 iactum
566 3126 640 3175 csse,
662 3111 817 3162 meminisse
836 3125 883 3162 eos
901 3110 996 3172 iussit,
1015 3119 1044 3164 et
1061 3127 1144 3182 quum
1160 3111 1212 3177 ipsi
1223 3110 1294 3163 Ars·

208 3200 249 3234 res
271 3184 300 3234 iu
318 3181 423 3235 beilum
443 3182 633 3251 impulissent,
656 3184 678 3234 si
698 3179 845 3253 quidinde
861 3182 1040 3233 Romanorum
1057 3179 1220 3249 respubtics
1241 3181 1292 3233 dc·

207 3253 330 3305 trimeuti
349 3254 471 3323 ceperit,
497 3252 531 3305 de
549 3268 582 3303 eo
600 3252 677 3321 queri
695 3252 791 3305 vetuit.
829 3252 888 3304 Ηοσ
905 3250 986 3303 veriti
1004 3254 1133 3311 Romani,
1157 3251 1206 3321 qui
1226 3250 1294 3303 Sin·-

227 3322 311 3375 edoue
331 3332 424 3384 erant,
450 3322 606 3393 Chsganum
628 3322 662 3374 nd
680 3321 871 3374 iusiurandum
889 3332 1078 3390 provocarunt
1115 3321 1211 3391 Itaque
1229 3337 1295 3373 cen·

209 3341 299 3444 festini
329 3395 441 3447 Avarico
468 3396 523 3446 ritu
548 3390 739 3444 iusiurandum
765 3392 799 3443 sd
820 3389 895 3443 hunc
912 3391 1023 3442 modum
1044 3391 1188 3461 praestitit.
1223 3392 1294 3443 Ense

209 3464 322 3527 educte,
345 3464 400 3515 sibi
422 3472 450 3515 et
468 3466 582 3516 Avarum
602 3465 676 3533 genti
694 3462 753 3514 dirs
770 3470 812 3514 est
829 3462 1009 3531 imprecatus,
1027 3465 1051 3514 si
1068 3462 1136 3532 quid
1146 3461 1210 3512 muti
1223 3478 1296 3514 cem·

207 3536 398 3587 minisceretur
415 3534 542 3586 Romanis
561 3534 591 3585 iu
610 3550 658 3597 co,
686 3532 761 3603 quod
778 3542 890 3602 pentem
909 3546 991 3601 super
1009 3532 1061 3586 Sao
1079 3534 1190 3586 flumine
1204 3533 1294 3587 iacere

208 3608 375 3673 susceperit,
403 3613 435 3655 ut
462 3608 519 3675 ipse
545 3611 574 3655 et
591 3605 717 3656 universe
743 3620 808 3673 gens
828 3601 863 3653 sd
880 3601 1094 3655 internecionem
1114 3618 1202 3673 usque
1220 3605 1292 3658 icrro

206 3675 329 3745 periret,
356 3677 462 3727 coetum
491 3692 524 3728 ex
548 3675 603 3726 situ
627 3690 708 3744 super
735 3674 818 3742 ipsis,
849 3679 877 3724 et
900 3674 989 3736 Deus,
1016 3674 1065 3744 qui
1089 3675 1119 3724 in
1136 3675 1213 3726 coelo
1233 3683 1293 3740 est,

208 3750 299 3814 iguem
317 3748 492 3808 immitteret,
518 3745 600 3797 silvae
626 3754 653 3811 et
676 3752 782 3797 mentes
806 3758 869 3794 essu
889 3751 918 3795 et
937 3744 1015 3795 ruins
1032 3744 1094 3797 ilios
1117 3745 1293 3807 obtererent,

208 3822 237 3869 et
248 3816 314 3867 Suus
329 3816 424 3869 fluvius
444 3816 623 3869 inundatione
642 3832 688 3868 eos
706 3814 900 3884 submergeret.
935 3814 1008 3866 Haec
1024 3815 1073 3867 ubi
1085 3814 1199 3869 bsrbsro
1217 3831 1292 3867 more

208 3884 353 3955 Cirsganus
374 3887 472 3951 emisit,
508 3887 609 3951 „Nunc
626 3904 694 3955 ege,
715 3886 823 3955 inquit,
843 3884 1030 3936 iusiurandum
1049 3887 1230 3938 Romanorum
1248 3886 1294 3936 iu-

209 3972 268 4009 rare
292 3956 363 4008 rolo.
400 3958 470 4009 Tum
492 3958 628 4028 quaesivit
651 3974 684 4008 ex
709 3956 791 4025 ipris,
817 3954 885 4024 quid
910 3963 998 4018 esset,
1029 3957 1103 4026 quod
1124 3964 1246 4008 sanetum
1264 3963 1294 4009 et

210 4026 368 4096 religiosum
387 4028 533 4093 ducerent,
559 4044 609 4099 per
628 4026 704 4100 quod
722 4028 865 4088 iurantes,
881 4028 905 4077 si
924 4026 1067 4091 fallerent,
1085 4027 1131 4079 dei
1147 4030 1216 4078 imm
1238 4028 1293 4077 mi-

210 4095 283 4153 nime
309 4098 457 4157 eriusuros
483 4099 633 4155 crederent
669 4098 741 4154 Tum
763 4096 814 4171 qui
836 4094 867 4152 in
892 4096 1046 4169 singedone
1073 4098 1142 4153 urbe
1161 4112 1293 4152 summam
