3050 4892
433 281 697 349 numinum
726 281 928 348 nrs‘ronm.
1128 250 1209 366 ³¹7

139 447 208 518 ας,
240 433 452 523 μειρακιώδης
471 430 550 503 orion
570 438 740 517 παντοίως,
763 428 837 501 οότι
855 437 891 500 δὲ
911 428 1007 499 άλλου
1025 432 1109 509 τινός
1126 424 1352 519 οἶμαιλ.ο.575

139 532 419 622 ἒμφρονεστότου.
462 540 569 623 ἓτερον
594 534 656 620 γάρ
676 533 728 599 τόν
756 533 921 601 ineante
939 520 1316 645 οἷπαυόαδίζεσθαιΙῖὦίὲῗἰ
1328 609 1357 645 u

139 636 199 699 οάκ
219 632 284 698 α’πό
304 632 421 719 τρόπου
441 626 494 719 η’ν·
534 638 649 701 ἐκεῖνον
667 637 777 716 μέντοι
795 633 837 697 ori
856 631 1069 716 βρενθύεσθαι
1087 628 1164 706 ἴσως
1182 633 1216 695 ε’-

136 736 236 817 χρῆν,
270 734 347 798 anitii
373 730 541 819 όηιαηόραν
569 729 638 798 τινά
668 726 748 797 εἶναι
767 731 824 796 καί
850 726 1074 815 α’πειρόκαλον.
1113 720 1215 814 ἧηάρ

119 830 285 917 (rimanti
306 826 429 916 όβρειός
449 854 483 895 τε
501 829 599 916 μεστὴ
621 832 676 895 καί
695 824 874 923 όνειρισμοῦ
900 828 955 893 καί
971 829 1217 910 μιμεθυσμόνων

139 928 292 1015 ῥημάτων
319 929 464 1015 ὑπῆρχε.
514 929 570 995 καί
599 929 619 1015 ἡ
638 929 697 1011 μὲν
716 925 864 1012 ἐπιστολή
885 925 1104 1013 ὑπερηφανίας
1122 950 1157 989 τε
1177 918 1306 1010 vinitam

139 1031 195 1092 καί
215 1027 397 1107 ἀλαζονείας
416 1028 555 1115 πλήρης·
598 1028 757 1112 εἰσάγεται
787 1028 819 1091 δ’
838 1019 897 1091 σόν
914 1024 1076 1109 Ἰάκωβος,
1097 1026 1137 1089 ου’
1154 1023 1218 1110 μὴν

141 1123 185 1202 τάς
201 1122 375 1209 Ἰουστῖνον,
390 1122 445 1193 άτε
464 1124 586 1212 νοσαόδη
603 1125 815 1210 τυγχάνοντα,
839 1123 920 1190 α’λλά
936 1122 996 1211 γάρ
1017 1122 1062 1199 οός
1080 1121 1139 1209 τήν
1156 1130 1220 1207 βα-

140 1224 265 1309 σιλίδα,
285 1228 356 1291 ἐπεί
374 1228 456 1312 ariae}
478 1225 535 1306 ξόν
557 1224 691 1315 Τιβερίῳ
713 1220 838 1290 ἅπαντα
855 1222 1026 1310 ἔπραττεν.
1065 1218 1219 1301 άναλεξα-

104 1326 218 1409 τομόνη
238 1326 343 1390 τοίνυν
360 1324 399 1391 τά
420 1324 591 1411 γράμματα
612 1326 813 1409 δπηγγειλατο
833 1325 889 1388 καί
906 1319 988 1406 αὕτη
1007 1322 1145 1388 στέλλειν
1160 1320 1217 1387 τόν

137 1420 408 1507 πρεσβευσάμενον
429 1424 473 1499 τός
491 1428 623 1507 βασιλέα
645 1426 783 1509 Περσων
809 1426 866 1487 καί
883 1420 971 1507 άμφί
988 1422 1052 1487 τάν
1072 1420 1217 1488 όπωσοόκ

137 1524 345 1606 κεκινημένων
374 1520 678 1609 διαλεχθησόμενον.
718 1524 878 1587 στέλλεται
905 1514 1013 1585 δὀόν
1028 1518 1232 1605 Ζαχαρίας,

138 1622 174 1686 δν
213 1628 278 1697 τοῖς
308 1621 480 1703 βασιλείοις
519 1617 786 1703 καταταττόμενος
821 1622 958 1704 ἰατροῖς,
993 1615 1219 1705 ἐπιφερόμενος

137 1715 271 1805 γράμμα
291 1722 326 1785 ἐκ
344 1724 401 1807 τῆς
423 1722 598 1803 βασιλίδος.

101 1832 137 1899 ,5
221 1816 279 1902 κβ.
312 1816 380 1885 Ὅτι
419 1818 475 1884 ἐπί
507 1822 654 1904 Τιβερίου
685 1820 852 1903 Καίσαρος
890 1816 921 1881 οῖ
957 1817 1021 1881 τῶν
1048 1815 1341 1898 ‘repararemus

137 1920 310 2003 στρατηγοί
342 1917 488 2002 εἰσβολὴν
526 1919 559 1993 ἐς
581 1915 752 1999 Ἀλβανιαν
788 1914 1012 1999 ποιησόμενοι,
1048 1912 1104 1978 καί
1139 1898 1363 2023 ipsi-{fflssm

136 2037 215 2100 ρους
240 2012 385 2098 λαβόντες
414 2016 577 2102 Σαβιίρων
611 2017 667 2081 καί
702 2008 808 2079 ἄλλων
840 2014 964 2093 tenda,
993 2003 1070 2096 ἧκον
1098 2014 1131 2087 ἐς
1153 2014 1250 2091 Bra-p

138 2114 274 2194 ζάντιον.
309 2114 518 2200 άφικομίνοος
547 2116 583 2179 δὲ
601 2115 636 2180 δν
663 2110 833 2201 Βυζαντίῳ
866 2108 944 2187 τοός
981 2114 1130 2197 πρέσβεις
1157 2111 1221 2177 τῶν

135 2207 357 2279 ἐκδεδωκότων
380 2208 513 2289 ἓαυτοός
535 2212 678 2278 Ἀλανῶν
704 2234 740 2277 τε
769 2210 826 2277 καί
854 2212 1016 2296 Σαβείρων
1044 2207 1063 2273 ό
1087 2212 1221 2297 Καίσαρ,

97 2312 265 2393 αοδέχεται
298 2312 441 2386 ε’πιειιίοῖς
469 2309 525 2375 καί
563 2310 649 2376 πάνυ
686 2306 928 2397 φιλανθρώπως
969 2306 1148 2390 πυθόμενός
1184 2330 1221 2373 τε

135 2414 213 2495 παρ’
232 2407 338 2474 αόταῖν
362 2404 460 2475 όπόσα
479 2408 631 2495 χρήματα
653 2412 763 2486 αότοῖς
787 2406 895 2474 ἐδιδου
925 2403 1101 2494 όΠερσοῖν
1126 2412 1221 2491 βασι-

136 2506 227 2590 λεὺς,
249 2507 392 2583 δεδωκάς
409 2532 445 2574 τε
465 2510 611 2587 ἔξουσίαν
630 2506 741 2595 σφισίν
768 2510 803 2584 ἐς
822 2501 896 2573 όσον
915 2504 1086 2593 ἤβοόλοντο
1105 2511 1221 2591 ἐξᾶραι

208 2610 233 2662 5.
252 2607 355 2679 ὕβρεως
372 2610 414 2674 Ν,
433 2608 539 2684 όβρεων
557 2610 627 2681 vulg.
737 2627 777 2664 ro.
796 2611 922 2665 στέλλειν
938 2610 989 2675 H„
1013 2610 1122 2663 στέλλει
1147 2610 1218 2680 vulg.

208 2696 254 2734 aa.
272 2682 405 2742 ἐξουσίαν
423 2682 450 2733 Β.
460 2719 468 2744 ,
487 2681 619 2742 ἐξουσίας
638 2681 709 2753 vulg.

138 2782 197 2832 rins
221 2781 316 2849 opinor
345 2782 397 2835 viri
420 2780 567 2851 prudentia
596 2781 716 2850 praediti
738 2780 800 2837 tuit
841 2782 933 2833 Alium
965 2781 1038 2833 enim
1063 2758 1219 2851 quempiam

135 2850 299 2903 insolentem
325 2868 399 2915 esse,
424 2852 617 2903 monatianum
645 2852 760 2915 inisset,
783 2852 832 2904 aed
848 2853 926 2903 illum
946 2850 1059 2902 minime
1076 2852 1218 2922 superbire

134 2929 185 2974 aut
206 2918 334 2973 audacius
365 2923 444 2991 loqui
469 2920 591 2973 decebat
633 2922 669 2975 At
686 2922 803 2991 epistola
828 2922 1011 2973 contumeliae
1028 2930 1056 2973 et
1076 2924 1169 2991 probri
1189 2931 1219 2974 et

134 2990 279 3043 verborum
305 2992 482 3044 insolentium
507 2992 590 3061 plena
607 2990 661 3043 init
713 2992 810 3073 ltaque
828 2992 937 3043 etiamsi
953 2991 1069 3059 epistola
1089 3008 1219 3061 arrogan-

134 3064 191 3115 tiae
209 3069 238 3114 et
254 3070 427 3131 contemptus
445 3063 527 3131 plena
545 3069 630 3123 esset,
651 3068 742 3113 umen
762 3060 935 3114 introductus
954 3068 996 3114 est
1012 3061 1143 3122 Iacobus,
1159 3077 1217 3112 non

135 3130 247 3205 quidem
261 3130 296 3184 ad
314 3132 459 3195 lustinum,
479 3130 527 3202 qui
546 3130 618 3201 gravi
636 3132 731 3183 morbo
748 3133 860 3183 afflictus
879 3139 952 3192 erat,
968 3130 1016 3182 soti
1033 3130 1069 3180 ad
1087 3133 1218 3201 reginam,

134 3218 206 3272 quae
229 3203 323 3255 omnia
347 3202 455 3272 imperii
477 3202 588 3270 negotia
603 3218 663 3253 oum
682 3202 796 3255 Tiberio
823 3199 943 3253 curabat.
985 3202 1065 3252 Lecta
1089 3201 1216 3270 epistola,

134 3273 227 3342 regina
244 3271 406 3341 respondit,
425 3288 453 3323 se
471 3288 526 3343 quo
549 3288 582 3323 ue
599 3272 739 3324 missuram
757 3273 876 3343 legatum
898 3271 934 3324 ad
959 3286 1048 3339 regem
1067 3272 1216 3334 Persarum,

135 3344 185 3413 qui
206 3341 240 3395 de
265 3342 408 3405 omnihus,
436 3340 470 3392 do
488 3344 536 3413 qui
559 3358 588 3393 us
612 3342 683 3395 inter
704 3344 778 3413 ipsos
799 3341 985 3397 controversia
1001 3349 1074 3392 mota
1095 3350 1168 3404 erat,
1186 3358 1218 3391 a·

134 3420 219 3482 geret.
254 3414 349 3484 Itaque
374 3412 493 3465 mittitur
515 3410 654 3464 Zacharias
680 3412 753 3465 inter
770 3414 944 3483 Imperatoris
969 3410 1089 3465 medicos
1116 3410 1219 3464 adscri-

125 3493 216 3553 ptus,
236 3484 281 3555 qni
300 3481 366 3534 tulit
382 3482 487 3535 litterar
509 3482 625 3551 reginae.

206 3571 247 3607 aa.
281 3553 337 3606 Sub
365 3552 478 3605 Tiberio
502 3552 618 3603 Caesare
635 3552 816 3604 Romanorum
835 3550 934 3615 duces,
959 3549 1065 3618 impetu
1083 3552 1114 3605 in
1133 3550 1218 3605 atba-

132 3624 208 3677 niam
227 3624 314 3679 faeto.
334 3621 477 3674 obsidibus
496 3621 622 3675 aSabiris
641 3632 669 3675 et
686 3624 747 3675 aliia
764 3620 891 3690 gentibus
911 3622 1039 3689 acceptis,
1059 3624 1218 3689 Byzantium
1278 3620 1283 3627 '

132 3703 277 3748 venerunt
313 3692 351 3745 Eo
370 3710 429 3743 eum
451 3692 533 3759 legati
558 3692 704 3744 Alanorum
730 3700 759 3745 et
775 3693 933 3745 Sabinorum
950 3696 1103 3755 venissent,
1122 3694 1217 3764 quise

133 3765 262 3817 Romania
291 3761 439 3825 dederant,
466 3762 563 3813 Caesar
581 3778 627 3814 eos
644 3762 762 3832 benigne
779 3769 808 3814 et
824 3762 980 3814 humaniter
998 3764 1111 3833 excepit.
1149 3762 1218 3817 Cum

132 3844 225 3889 autern
247 3851 281 3885 ex
302 3850 393 3884 eorum
409 3830 497 3885 verbis
508 3830 644 3896 audisset,
662 3840 777 3903 quantas
798 3833 925 3901 pecunias
940 3835 995 3885 iilis
1011 3835 1151 3886 Persarum
1169 3850 1218 3887 rex

133 3906 248 3975 largitus
276 3904 389 3965 fnisset,
411 3904 479 3955 faeta
501 3912 651 3971 potestate,
678 3910 811 3973 quantum
828 3905 932 3957 vellent
948 3905 1072 3957 oratione
1088 3921 1144 3956 rem
1166 3921 1218 3955 ex-

134 3992 274 4044 aggerare,
296 3982 325 4025 et
342 3988 434 4025 veruna
453 3972 568 4026 dicendo
586 3972 855 4041 obscurare„,1)uplo
876 3978 979 4027 maiora
1000 3977 1121 4045 praemia
1138 3976 1217 4029 robis

136 4046 255 4113 largiar,
274 4044 384 4115 inquit,
414 4060 470 4097 non
488 4044 575 4097 solum
595 4047 659 4098 viris
678 4046 708 4097 in
729 4044 862 4111 dignitate
881 4046 1054 4107 constitutis,
1071 4045 1218 4099 sedetiam

139 4116 290 4189 aaronque
317 4116 462 4173 rostrum,''
505 4116 579 4171 Haeo
604 4114 728 4171 barbaris
751 4114 885 4171 laetitiam
913 4117 1082 4181 attulerunt,
1110 4126 1139 4170 et
1165 4114 1217 4171 risi
