3050 4892
401 289 621 354 uelantur
650 286 854 353 moronti.
1069 260 1153 375 477

71 444 150 527 κρόν
169 447 299 526 συνέχεε
318 442 356 509 τό
382 443 494 507 oritoni.
524 439 566 517 oie
589 438 743 527 ἐμφύλιος
763 442 896 523 συνέστη
917 441 1042 525 Ζήνωνι
1064 440 1158 507 πόλε-

70 566 155 624 μος,
178 540 366 626 ἐξάρχοντος
386 544 578 627 Μαρτιανοῦ
605 540 661 605 καί
680 539 865 625 Προκοπόου
893 538 971 604 υἱοῖν
988 544 1046 605 τοῦ
1064 546 1158 623 βασι·

69 638 245 716 λεόσαντος
261 639 389 725 Ῥάμης
408 642 604 722 Ἀνθεμιόυ,
638 637 694 702 καί
713 634 924 723 κρατήσαντος
944 638 1088 723 Ζήνωνος
1114 642 1228 706 ‹la'i’ao

62 732 185 819 Ἰλλου,
208 735 421 823 πρεσβότερος
441 741 500 818 μέν
520 735 710 823 Μαρκιανὸς
730 732 959 820 ἐχειροτονήθη,
981 736 997 801 ό
1020 739 1054 801 δὲ
1069 742 1161 823 Προ-

52 834 184 912 5κόπιος
204 835 285 923 πρός
301 834 503 921 Θεοδάριχον
522 834 576 901 τόν
595 839 630 902 ἑν
646 833 756 923 Θρηίκη
772 836 912 921 διέφυγε.
931 836 988 899 καὶ
1006 832 1049 912 ὥς
1069 836 1164 921 ὓπερ-

72 939 219 1018 ορισθεός
245 934 436 1020 Μαρκιανὸς
467 936 501 1000 ἐν
521 937 736 1021 Καππαδοκόρ
760 937 815 997 καί
837 931 1002 1019 διαφυγόν
1035 930 1165 1019 ἐτάραξε

72 1032 131 1119 τήν
151 1037 219 1097 κατ’
232 1025 404 1118 ''Ayxvpov
425 1036 598 1099 Γαλατίαν·
631 1028 700 1097 εἶτα
724 1035 920 1117 συλληφθεὶς
940 1034 985 1109 εἰς
1002 1032 1187 1118 ἸσαυρίωνΒ

74 1134 242 1219 διῳκίσθη.
282 1134 338 1197 καὶ
357 1131 401 1209 οἷς
420 1127 440 1216 ή
462 1132 542 1215 πρός
555 1124 685 1197 Ἴλλουν
705 1127 810 1215 ἔχθρα
829 1135 871 1217 τῷ
890 1136 1019 1213 βασιλεῖ
1033 1134 1165 1217 συνέστη

75 1233 130 1296 κατ’
151 1227 286 1315 ηὐξήθη.
327 1227 411 1295 οότω
430 1232 491 1311 μὲν
512 1221 569 1294 οὖν
590 1226 681 1293 καλό
704 1227 859 1311 δεύτερος.

40 1347 76 1389 ιο
153 1329 191 1396 ‘O
212 1331 246 1393 δὲ
266 1332 369 1415 τρίτος
389 1322 469 1394 itta
490 1353 523 1393 τε
544 1332 685 1411 περιέχει
705 1329 761 1392 καί
780 1323 822 1403 τός
846 1329 892 1404 εἰς
903 1326 938 1392 τό
949 1329 1088 1414 ἐμφανές
1096 1320 1166 1395 Ἴλ-

75 1426 340 1504 λοοςὲπαναστάς
352 1427 477 1509 Ζήνωνι
490 1428 625 1509 βασιλέα
645 1424 800 1491 Λεόντιον
821 1424 1010 1515 σόνΙληρινη
1033 1428 1167 1493 οἰνεῖιιεν.

76 1524 212 1601 όπωςτε
232 1523 507 1613 δυσπραχήσαντες
529 1522 819 1609 ἐπολιορκήθησαν,
848 1524 903 1588 κατ’
933 1522 1062 1602 ἁλόντος
1089 1520 1167 1591 άπε-

75 1624 263 1711 τμήθησαν,
287 1623 342 1688 καί
361 1616 460 1689 τάλλα
480 1624 539 1698 ἕως
557 1626 612 1707 τῆς
632 1622 778 1707 Ζήνωνος
797 1628 954 1708 τελευτῆς.

76 1776 132 1829 vile
149 1778 254 1828 Zenoni
272 1774 378 1829 bellum
405 1775 459 1827 fuit
493 1780 576 1844 atque
598 1774 780 1837 intestinum,
804 1774 1009 1843 insurgentibus
1027 1777 1165 1831 Marciano
1215 1820 1217 1825 .

77 1856 106 1899 et
124 1845 268 1915 Procopio,
285 1846 434 1907 ildisclus,
455 1846 503 1915 qul
523 1848 622 1897 llomae
639 1846 827 1911 imperauerat,
848 1846 992 1897 Anthemii.
1011 1846 1087 1915 Quos
1106 1866 1167 1901 eum

80 1917 172 1967 illilus
192 1918 309 1968 Zenonis
328 1916 457 1985 auspiciis
476 1913 637 1977 devicisset,
655 1914 809 1965 Marcianus
828 1912 939 1982 quidem
957 1924 1022 1965 natu
1041 1918 1168 1983 grandior

80 1986 226 2038 ordinatus
248 1996 290 2038 est
318 1986 475 2056 presbyter:
494 1985 639 2052 Procopius
657 2001 721 2035 vero
739 1984 775 2034 ad
793 1982 1013 2038 Theuderichum
1032 1985 1061 2036 in
1080 1986 1169 2039 Τέττι-

80 2056 152 2108 ciam
176 2055 306 2125 confugit.
349 2054 426 2124 Quin
452 2061 480 2103 et
504 2056 618 2105 extorris
650 2056 680 2104 in
703 2052 876 2121 Cappadocia
902 2054 1073 2117 Marcianus,
1107 2058 1168 2124 iuga

81 2128 207 2195 elapsus,
227 2142 297 2193 quae
316 2126 350 2177 ad
369 2125 500 2190 Ancyram
519 2124 647 2194 pertinet,
667 2123 802 2175 Galatiam
822 2124 949 2189 turbavit,
969 2124 1168 2195 ‹toncecrptus

83 2198 113 2248 in
134 2194 265 2245 isauriam
284 2204 326 2248 est
343 2194 485 2263 relegatus.
529 2195 561 2245 in
579 2194 683 2246 illitum
708 2212 819 2313 sproque
837 2194 872 2245 ab
891 2195 1057 2278 imperatore
1074 2197 1168 2250 odium

83 2272 247 2331 conceptum
265 2274 306 2317 est
330 2273 500 2334 auctumque.
526 2265 616 2333 Atque
634 2262 702 2314 hacc
731 2264 792 2315 rbro
804 2264 923 2316 secundo
940 2265 1060 2331 prodita,

156 2335 267 2387 Tertius
284 2335 386 2387 deiude
410 2335 481 2387 liber
509 2350 568 2385 cum
597 2334 651 2384 alia
681 2336 818 2398 continet,
841 2344 899 2385 tum
917 2336 1053 2404 quamodo
1081 2337 1169 2405 palam

84 2407 113 2454 in
131 2405 265 2457 Zenonem
283 2406 373 2457 Hillus
392 2404 586 2463 insurrexerit,
603 2406 805 2475 Leontiumque
823 2404 1017 2474 Imperatorem
1038 2424 1099 2459 eam
1116 2406 1170 2457 lio-

84 2475 144 2526 rina
172 2476 383 2538 renuntiaverit,
410 2482 495 2543 utque
525 2490 553 2525 re
578 2474 727 2525 infeliciter
746 2484 836 2543 gesta,
861 2474 964 2526 obsessi
980 2477 1107 2548 captique
1125 2494 1170 2529 ea·

85 2548 144 2613 pite
162 2547 283 2599 truncati
299 2547 370 2599 sints
388 2544 501 2616 aliaque
519 2542 554 2596 ad
572 2545 675 2595 exitum
693 2560 781 2613 nsque
798 2546 921 2598 Zenonis.

269 2826 418 2896 Sequentia
427 2826 559 2895 legantur
576 2824 654 2896 apud
666 2822 779 2879 Sciriam
792 2842 812 2877 ι.
833 2842 861 2877 υ.
874 2826 999 2897 χειρλζοι.

167 2959 332 3035 Κάνόιόος
344 2957 586 3047 ἱστοριογράφος
600 2985 696 3048 φησιν
714 2954 761 3023 ότι
774 2962 868 3024 Λέων
882 2959 901 3022 o‘
914 2964 1086 3045 Marcellae
1099 2967 1174 3048 περὶ

88 3059 144 3144 τήν
176 3060 385 3145 ἐκστρατείαν
413 3056 470 3144 τήν
488 3057 568 3124 κατά
591 3058 765 3143 Βανόήλων
788 3050 902 3144 άπειρα
915 3058 1066 3143 χρήματα
1081 3062 1173 3125 δεδα-

89 3156 215 3244 πάνηκε.
262 3152 345 3243 ἦσαν
363 3156 449 3242 γάρ,
478 3158 521 3231 ὥς
543 3156 572 3222 οἱ
595 3162 696 3222 ταῦτα
717 3158 923 3244 ε’φανὲρωσαν
946 3154 1173 3244 κεχειρικότες,

90 3254 142 3319 διά
163 3262 223 3341 μὲν
249 3260 314 3322 τῶν
336 3252 489 3340 όπάρχων
508 3258 645 3340 χρυσέου
669 3258 775 3343 λότραι
802 3256 1066 3341 τετρακισμύριοι
1094 3256 1174 3342 πρός

89 3350 355 3440 ἑπτακισχιλίαις·
398 3352 508 3419 διὰδὲ
532 3358 589 3418 τοῦ
618 3350 749 3439 κόμητος
773 3357 835 3418 τῶν
859 3358 1030 3441 θησαυρῶν
1047 3352 1175 3421 ἑπτακι-

89 3457 211 3535 σχίλιοι
227 3453 310 3539 πρός
325 3454 477 3538 μυρίαις·
519 3453 576 3517 καί
603 3456 755 3538 α’ρχυρέου
788 3456 893 3537 λότραι
913 3450 1099 3520 ἑπτακόσιαι
1120 3480 1174 3538 χι-

31 3607 32 3619 ,
91 3548 211 3633 ociose,
232 3552 269 3617 ἔκ
282 3577 316 3618 τε
334 3557 397 3617 τοῖν
413 3553 618 3635 ἀνηλωμένων
635 3550 798 3638 ἀρχόντων
817 3551 853 3615 ἐκ
871 3552 1074 3637 όημευσόμων
1086 3605 1097 3636 ,
1109 3557 1174 3637 ,zui

92 3649 126 3712 ἐκ
143 3654 202 3714 aori
221 3656 377 3732 βασιλέως
394 3653 575 3732 Ἀνθεμίου.

162 3800 301 3854 Candidas
318 3802 465 3857 historicus
484 3801 568 3855 refert
585 3818 601 3851 a
620 3800 712 3852 Leone
729 3801 854 3855 Lanione
873 3803 902 3855 in
923 3802 1026 3855 bellum
1044 3804 1172 3857 adversus

95 3864 229 3923 Vandalus
243 3872 377 3925 infinitam
392 3872 537 3942 pecuniam
553 3880 689 3938 erogatam
704 3871 795 3923 luisse.
814 3872 937 3925 Fuerunt
955 3876 1044 3937 enim,
1057 3875 1172 3927 testibus

97 3938 151 3990 illis
166 3943 213 4010 qui
227 3958 286 3993 eam
302 3950 465 4005 tractarunt,
486 3960 535 4011 per
550 3942 700 4009 praefectos
714 3950 854 3995 numerata
872 3946 930 3995 auri
940 3946 1032 4013 pondo
1051 3946 1172 4016 quadra-

97 4006 171 4092 ginta
189 4021 294 4095 septem
306 4014 407 4065 millia:
435 4015 540 4080 argenti
557 4029 619 4063 vero
638 4012 810 4095 septingenta
825 4012 929 4079 millia,
948 4027 1078 4087 quum‘cs
1090 4016 1171 4070 bonis

97 4076 258 4151 publicaue,
275 4092 333 4135 tum
347 4082 381 4136 ab
400 4086 565 4154 Imperatore
585 4080 740 4135 Anthemio.
