3050 4892
302 281 403 352 ΠΝ
725 279 780 342 Dii
798 272 952 342 vetuo.

303 437 457 520 impellere
469 438 601 518 potnerit
616 434 654 496 ad
678 429 836 495 scribenda
852 453 932 514 quae
946 473 956 509 ,
970 439 1006 489 ut
1025 430 1152 510 quisque
1169 421 1310 505 prolixius
1328 427 1389 482 tint
1471 434 1475 447 ⁴

223 527 225 530 ¹
302 537 427 598 brevius
443 548 566 598 narratu
577 546 745 618 quaereret,
758 533 849 615 vulgo
870 531 1112 592 inveniebantur.
1156 526 1226 587 Non
1238 534 1341 584 mmm
1365 541 1390 580 a

304 637 427 697 Tiberio
436 638 594 718 incepisse,
604 671 643 680 -
655 633 687 693 id
701 633 782 716 quod
792 653 847 713 per
856 653 888 691 se
897 631 982 690 omni
992 637 1107 688 careret
1117 622 1389 707 probabilitate,—

306 735 355 796 sed
370 740 430 796 iam
445 736 481 798 de
494 736 651 818 Augrrsto,
677 733 961 810 Triumviratusque
974 739 1109 808 tempore
1123 729 1234 808 egisse,
1255 720 1391 804 probunt

306 837 472 918 frapnenta
492 855 570 917 quae
584 837 615 895 in
632 831 733 894 libello
743 831 935 912 Seguieriano
953 827 992 888 de
1011 831 1128 909 syntaxi
1140 831 1243 894 iuveni
1259 829 1312 907 ⁸⁴).
1335 825 1388 886 Ex

306 937 355 998 bis
364 937 492 997 alterum
510 934 589 1016 apud
598 935 727 993 Dionem
735 932 870 990 &mium
878 930 983 992 iisdem
997 951 1091 1013 pmpc
1101 933 1202 994 verbis
1217 933 1389 1016 legitur⁸⁵)‚

306 1036 389 1119 quod
416 1037 454 1097 de
477 1037 514 1094 sr.
539 1035 569 1112 4.
597 1035 627 1096 5.
649 1055 682 1115 p.
712 1033 781 1093 123.
800 1032 849 1092 ed.
872 1033 919 1112 lt,
937 1029 1046 1092 collata
1068 1032 1157 1116 legat.
1177 1033 1245 1096 Lll.
1261 1054 1292 1115 p.
1311 1033 1389 1112 dor.

307 1138 426 1213 Ursini,
448 1134 619 1194 observavit
641 1130 795 1194 Valesius:
817 1131 901 1192 unde
921 1134 1094 1191 coniectura
1114 1143 1196 1193 certa
1213 1134 1311 1193 oritur
1325 1133 1390 1194 Pe-

223 1269 229 1278 ·
307 1247 389 1295 trum
406 1233 481 1294 nihil
503 1233 586 1294 aliud
606 1253 697 1315 quam
717 1233 825 1292 Dionis
844 1232 1029 1292 breviarium
1053 1231 1214 1293 confecisse
1237 1243 1390 1315 quatenus

307 1334 668 1414 buiushistoriapateret.
693 1333 757 1392 lam
774 1351 848 1392 vero
858 1353 953 1413 φιιιιιι
970 1333 1287 1411 continuatorliionis,
1302 1333 1391 1393 cuius

307 1433 423 1515 eclogas
447 1431 491 1492 ill.
507 1435 606 1494 Maius
623 1437 655 1493 in
675 1430 764 1494 titulo
783 1431 822 1491 de
836 1432 989 1494 sententiis
1003 1432 1138 1508 invenit,
1159 1443 1306 1515 quranttun
1317 1453 1391 1514 spa·

307 1536 349 1591 tia
370 1533 471 1591 metiri
491 1530 577 1605 licet,
600 1553 662 1593 non
688 1531 820 1592 multum
841 1532 921 1591 inl'ra
942 1532 1174 1591 Constaminum
1195 1535 1240 1592 M.
1264 1533 1391 1594 descen·

307 1633 406 1710 derit,
429 1653 490 1692 nou
514 1635 673 1694 temeraria
691 1631 889 1693 hariolatione
905 1631 980 1692 milri
1000 1634 1135 1713 persuasi
1158 1651 1229 1691 eum
1258 1652 1320 1692 nnn
1342 1631 1392 1691 di-

308 1752 431 1794 versum
446 1755 464 1791 a
480 1733 573 1793 Petro
587 1753 671 1794 esse:
694 1733 840 1814 adquam
858 1720 1037 1792 firmandam
1058 1730 1198 1791 nonnihil
1214 1730 1389 1804 accederet,

307 1832 334 1891 si
366 1830 555 1913 exploratum
583 1843 660 1893 esset
694 1839 912 1913 imperatorum
936 1832 1059 1891 nomina
1086 1829 1198 1910 quibus
1223 1831 1281 1890 ista
1308 1829 1392 1911 apud

308 1932 425 1992 Maium
440 1951 496 2012 pro
517 1931 664 1992 lemmatis
689 1931 921 2013 ‘distinguuntur
939 1931 972 1989 in
993 1928 1096 1990 codice
1119 1930 1163 1989 sic
1185 1931 1283 2010 posita
1307 1949 1390 1990 esse:

307 2051 382 2092 nam
399 2031 504 2092 eadem
520 2033 637 2092 ratione
658 2033 871 2112 grammaticus
893 2028 946 2090 ille
965 2031 1019 2110 qui
1042 2027 1079 2088 de
1109 2029 1225 2110 syntaxi
1251 2029 1389 2109 scripsit,

309 2130 395 2193 Petri
421 2148 497 2209 opus
528 2133 561 2188 iu
587 2139 686 2210 partes
712 2128 888 2188 distinctum
921 2128 1064 2190 invenit:
1094 2137 1175 2188 certe
1199 2147 1264 2187 uon
1296 2125 1393 2188 libro-

309 2248 380 2292 rum
397 2229 552 2304 numeris:
573 2247 669 2308 quos,
685 2238 721 2286 ut
742 2209 859 2309 semper
880 2225 973 2307 alias,
995 2230 1154 2311 posuisset.

310 2359 314 2374 .
396 2326 558 2386 Praeterea
576 2325 656 2386 idem
679 2325 789 2387 Suidas
808 2328 900 2388 Petro
920 2349 994 2409 opus
1018 2323 1093 2409 περὶ
1117 2325 1274 2408 πολιτικῆς
1296 2347 1392 2388 κατα·

315 2419 454 2496 στάσεως
487 2425 647 2487 adscribit:
673 2426 754 2508 quod
780 2426 824 2486 ill.
854 2428 954 2488 Maius
981 2426 1050 2487 illos
1071 2427 1214 2509 anonymi
1238 2427 1393 2509 scriptoris

312 2525 405 2586 dere
425 2523 545 2605 publica
566 2524 699 2607 dialogos
721 2547 785 2586 esse
797 2528 920 2586 coniicit
944 2525 1077 2610 qsrorum
1095 2527 1224 2587 Photius
1249 2526 1319 2587 cod.
1337 2528 1388 2610 37.

312 2625 466 2698 meminit,
485 2626 548 2706 ipse
570 2635 670 2685 eutem
692 2645 709 2686 e
726 2625 919 2708 palimpsesto
927 2626 1076 2686 Vaticano
1091 2626 1191 2708 ampla
1204 2626 1299 2688 edidit
1313 2627 1393 2708 fiag-
1416 2672 1420 2678 .

313 2735 415 2784 menta
430 2718 505 2803 napi
522 2724 677 2805 πολιτικῆς
692 2719 863 2806 ἐπιστήμης
882 2727 1033 2807 inscripta.
1075 2726 1226 2808 Equidem
1241 2729 1392 2809 inscripti·

315 2825 382 2884 onis
411 2823 616 2886 diversitatem
641 2826 797 2899 omittam,
825 2845 924 2908 neque
947 2825 1063 2906 negabo
1082 2825 1175 2886 Petro
1200 2825 1318 2909 placere
1335 2849 1391 2910 po-

314 2924 409 2984 tuisse
427 2934 463 2982 ut
481 2923 575 2984 libros
589 2926 653 2985 sine
671 2929 794 2985 nomine
810 2924 930 2987 ederet:
955 2935 1088 2985 attamen
1107 2928 1158 2987 vix
1180 2925 1324 2987 credibile
1344 2926 1391 2986 vi-

235 3074 238 3088 .
308 3022 405 3083 -dctur
432 3043 497 3083 rem
522 3024 633 3084 Suidae
664 3037 849 3107 compertam
880 3025 969 3086 docto
994 3027 1173 3107 curiosoque
1195 3025 1305 3088 Photio
1331 3047 1392 3086 non

317 3124 507 3202 innotuisse:
529 3135 582 3184 aut
604 3135 729 3202 contra,
747 3125 873 3185 suidam
898 3123 1017 3185 silentio
1027 3118 1047 3148 ²
1048 3125 1199 3185 transiisse
1220 3123 1297 3184 illud
1318 3127 1393 3205 opus

316 3242 378 3304 quo
408 3222 516 3282 Petrus
538 3222 626 3305 Lydo
647 3235 722 3284 teste
745 3223 783 3284 de
802 3225 973 3305 magisterio
990 3223 1158 3284 officiorum
1181 3225 1317 3304 exposuit
1331 3221 1391 3302 ⁸⁶):

317 3339 412 3408 quum
425 3321 456 3382 id
461 3334 562 3383 tamen
575 3324 607 3384 in
620 3323 779 3388 homiuum
793 3323 932 3384 manibus
946 3334 1116 3386 versaretur
1127 3322 1244 3384 decimo
1262 3322 1389 3384 saeculo.

335 3523 381 3590 34)
402 3521 438 3573 Es
455 3522 544 3590 posita
563 3527 626 3576 sunt
646 3519 829 3587 lump-136.
889 3519 935 3588 35)
951 3521 1060 3574 Petrus:
1081 3517 1188 3571 austu
1203 3525 1263 3576 τοῖς
1279 3519 1392 3588 muhe-

387 3597 450 3648 ταῖς
466 3589 600 3661 ἐκδημεῖν
616 3591 669 3652 ἔξω
686 3589 810 3648 Ἰταλίας.
846 3590 901 3641 Dio
917 3591 973 3642 LII.
990 3592 1031 3659 dr.
1045 3608 1071 3660 p.
1088 3592 1149 3659 693.
1167 3591 1209 3655 34.
1226 3590 1269 3643 ed.
1287 3593 1324 3671 Ra
1346 3591 1394 3642 sal

388 3669 570 3728 apocopatus
587 3663 617 3729 (l.
634 3663 682 3713 καλ
698 3649 772 3728 πρὸς
790 3657 906 3731 duetus)
926 3674 1000 3711 πασι
1029 3677 1088 3717 τοις
1103 3657 1272 3727 βουλεύουσι
1288 3679 1327 3730 μη
1345 3661 1393 3712 ἐκ·

388 3727 489 3802 δημιῖν
514 3731 565 3792 ἔξω
589 3733 637 3794 τῆς
658 3732 788 3788 Ἰταλιας,
823 3731 903 3783 liunt
919 3733 1009 3782 loeium
1026 3730 1186 3782 adiumento
1211 3730 1311 3784 indici:
1332 3729 1395 3783 llei-

387 3801 503 3852 mariani
524 3800 652 3869 indagare
688 3803 761 3866 otui3
782 3801 806 3852 is
823 3801 872 3872 qui
890 3801 970 3854 alteri
987 3802 1138 3870 fragmento
1158 3801 1323 3870 respondet,
1341 3801 1393 3854 uisi

388 3887 449 3922 casu
469 3871 586 3933 oblatus,
604 3819 685 3924 hand
694 3871 776 3924 facilc
793 3872 956 3924 invenietur.
992 3871 1100 3940 Quotus
1117 3873 1393 3942 enirnquisqueadco

386 3939 555 4002 indefessus,
573 3940 685 4010 otioque
703 3943 849 3994 instructus
871 3950 930 4006 est,
946 3949 979 3992 ut
996 3949 1114 4010 quatuor
1130 3941 1261 3993 vocabula
1284 3959 1333 4013 per
1355 3949 1395 3994 tot

388 4009 473 4061 libros
492 4027 622 4078 quaerere
640 4013 793 4066 sustineat?
811 4029 894 4082 quum
912 4031 948 4064 ue
965 4012 1036 4063 illud
1056 4011 1168 4082 quidem
1181 4020 1286 4064 constet
1294 4021 1394 4065 certum

389 4092 446 4134 csse
472 4075 584 4137 Antonii
602 4099 718 4146 nomen,
742 4099 798 4136 uun
816 4098 906 4137 errore
924 4081 1043 4154 positum
1063 4098 1112 4149 pro
1132 4083 1272 4134 Antonini.
1307 4081 1394 4137 Verbo

388 4153 499 4225 quidem
516 4151 662 4208 θωπεύειν
684 4167 766 4230 saepe
784 4155 873 4206 utitur
891 4153 952 4209 Dio.
1027 4152 1073 4222 36)
1091 4151 1166 4207 laste
1184 4154 1293 4204 intest
