3050 4892
483 251 780 320 ermaricus.
890 205 894 210 ⁸
1085 217 1163 308 521

86 413 176 488 Quae
192 410 261 494 plus
278 414 433 496 corrupit,
456 433 548 494 quarn
575 423 674 473 cetera
693 411 823 489 lunera,
845 411 952 471 victos.

85 509 131 570 Et
145 521 259 572 mentes
275 512 379 574 avidas
393 511 475 573 urhis
490 511 673 594 consumpsit
693 519 819 594 egestas.

174 611 316 694 Principe
335 633 390 694 pru
404 613 486 672 iusto
506 621 606 672 taceat
620 611 689 692 quis
708 606 842 670 fulminis
857 609 956 669 ictus‘l

87 708 118 768 N
120 729 170 769 am
186 730 262 792 quos
283 732 346 775 non
365 710 461 772 valuit
473 711 569 772 rubus·
585 729 780 792 eorrumpere
797 707 927 786 Martis,

88 810 152 870 Nec
171 821 217 871 tot
232 810 394 873 ducturum
418 809 604 872 circumdata
628 805 867 885 nominalis,
1119 825 1173 869 ruo

87 907 203 970 Delicit
226 909 284 971 hos
303 911 410 972 summi
425 911 567 994 genitoris
586 908 706 972 dextera
725 906 876 992 llugrans,

88 1009 226 1070 iniustos
240 1021 345 1070 eontra
364 1011 513 1094 praesenti
534 1012 657 1070 numine
676 1027 826 1092 pugnans.

89 1107 124 1166 Ο
148 1107 242 1188 pictas
259 1117 431 1190 praestans,
449 1117 515 1170 toto
538 1099 743 1170 memorabilis
760 1125 859 1182 aevo,

90 1205 157 1268 Pru
179 1227 238 1290 qua
258 1227 327 1268 cum
346 1209 444 1270 ventis
466 1209 620 1270 sociantur
640 1205 754 1288 pruelia
775 1204 905 1280 nimbis,

49 1363 55 1382 ,
93 1305 220 1387 lgnibus
231 1317 261 1366 et
280 1303 391 1390 rapidis
414 1315 570 1367 armantur
590 1301 712 1388 fulgura
729 1303 829 1382 bellu,
1120 1304 1175 1366 105

92 1405 337 1488 Percutinntque
355 1425 430 1468 suno
447 1427 590 1468 concussa
607 1407 741 1467 tonitrua
756 1415 886 1466 mentm.

94 1505 181 1582 Quid
197 1514 385 1586 tenpestates
405 1504 579 1566 memorabo
593 1502 733 1566 lluctibus
748 1514 848 1578 ortas,

93 1605 199 1686 Atque
215 1602 310 1665 hostis
322 1605 433 1687 Lyciae
452 1606 599 1687 proiectas
622 1603 722 1664 littore
739 1601 861 1664 classis?

96 1705 178 1764 Cum
202 1706 267 1764 vice
294 1705 423 1766 Romani
448 1704 568 1766 functae
584 1713 655 1765 sunt
673 1702 776 1764 militis
792 1701 911 1776 undae,

95 1803 259 1886 Sceptriler
279 1814 310 1865 et
323 1805 403 1886 cepit
424 1801 530 1886 pelago
542 1811 695 1887 pugnante
709 1799 921 1884 triumphum

96 1903 212 1963 Omnia
228 1903 271 1964 sic
283 1901 394 1964 habuit
413 1904 512 1964 virtus
538 1900 689 1963 elementa
706 1898 809 1963 saluti.

182 2003 259 2080 Quis
279 2011 395 2084 repetat
408 2003 519 2064 tuticus
534 2003 612 2064 acies
632 2010 805 2082 stragesque
819 2006 978 2081 penetus,

96 2102 310 2184 Aeqisatssque
324 2099 388 2163 solu
406 2099 528 2163 sublimi
541 2101 673 2183 tegmine
688 2101 815 2160 turres?

99 2200 284 2283 Agminibus
293 2199 414 2263 domitis
432 2221 501 2262 cum
522 2209 608 2284 parte
625 2196 803 2260 cadentibus
821 2180 926 2277 omui}

101 2299 246 2361 Flumina
263 2299 419 2362 torrebant
439 2297 539 2362 lluriis
553 2308 670 2360 mutata
686 2298 824 2377 cruoris3
946 2313 950 2320 ·

100 2402 145 2462 Et
165 2421 258 2482 paupe
272 2399 449 2482 emporibus
470 2399 564 2483 raptis
588 2408 659 2460 sunt
677 2399 754 2459 ostia
772 2395 886 2458 clausa.

100 2501 192 2560 Tunc
211 2518 294 2560 mare
311 2499 438 2561 confuso
457 2497 595 2560 rutilavit
614 2497 760 2580 sanguiue
782 2496 918 2575 victum,

101 2597 146 2660 Et
166 2599 259 2658 saturi
271 2600 365 2679 pisces
384 2609 531 2680 tempsere
551 2596 700 2658 cadavera
717 2594 820 2678 plura.

188 2698 239 2757 Sic
253 2699 305 2779 qui
320 2697 482 2780 sperabunt
498 2698 631 2781 captivas
648 2695 760 2756 ducere
772 2705 901 2766 mauce,

104 2797 209 2879 Atque
224 2796 284 2857 liui
304 2793 407 2878 spoliis
427 2795 512 2856 urbis
528 2795 664 2876 sacrique
680 2791 773 2875 palati
790 2835 802 2868 ‚

103 2899 149 2961 Et
170 2917 253 2980 reges
275 2898 405 2974 iterum,
422 2895 601 2956 inflandum!
632 2915 664 2954 sc
682 2891 810 2954 reddere
829 2889 939 2970 nobis,

91 3000 238 3074 Lumine
253 3017 322 3061 cum
337 2994 411 3056 caeli
426 3007 525 3056 terrae
541 3013 666 3054 caruere
681 2989 837 3074 sepulcris.

104 3099 153 3160 At
175 3096 281 3178 reliqui
299 3097 411 3178 patrias
429 3093 517 3155 aedes
534 3093 686 3175 urbesque
702 3087 901 3172 relinquunt,

107 3197 219 3258 Orbati
236 3196 333 3273 natis,
356 3190 491 3276 lugentes
513 3195 638 3275 pignora
659 3211 755 3266 cera3

108 3297 234 3356 Moenia
256 3293 449 3370 subvertunt,
465 3311 675 3375 quaecumque
693 3288 858 3370 reliquerat
873 3288 965 3371 ignis,

106 3395 153 3456 Et
173 3395 223 3452 vix
242 3391 374 3454 aetherio
393 3411 507 3474 poenss
524 3409 643 3454 sensere
662 3387 796 3450 Tonanti

108 3493 249 3554 Reddere
264 3493 427 3566 asinatas,
446 3499 619 3573 contemptu
639 3487 722 3551 mille
738 3507 795 3571 per
815 3507 928 3566 amus,

108 3591 310 3676 Ultoremque
325 3591 426 3652 Deum
439 3601 507 3674 pust
526 3589 626 3652 clades
641 3607 705 3651 esse
728 3588 884 3667 fatentur,

109 3693 217 3774 Atque
234 3695 281 3754 sui
303 3713 387 3754 casus
403 3711 435 3752 se
452 3711 573 3752 causam
596 3691 672 3752 scire
695 3688 797 3751 struae.

109 3792 174 3854 Sed
186 3803 287 3852 tamen
310 3791 440 3875 Augrrsti
456 3799 578 3872 superat
595 3787 755 3850 clementis
775 3795 901 3864 cuncta,

112 3893 178 3971 Qui
197 3901 307 3952 stratos
327 3889 460 3966 relevat,
482 3890 599 3951 domuit
619 3907 696 3971 quus
710 3887 810 3947 Marte
825 3884 995 3969 superbus,

112 3991 262 4053 Hostibus
282 4001 311 4054 et
327 3989 561 4073 pacis'concedit
582 4007 708 4050 munera
730 3989 833 4068 pacis,

113 4090 260 4160 &audens
279 4111 361 4157 nunc
385 4109 522 4176 proceres
539 4103 660 4156 securus
685 4085 778 4152 fidere
800 4089 881 4164 rita,
