3050 4892
259 282 303 349 u
330 276 516 346 mmsis
543 276 800 347 manimius
826 278 1028 346 sumni.
1112 250 1189 367 59¹

112 432 146 513 5)
166 444 203 495 ut
222 429 321 497 detera
341 438 596 519 praetermittam,
630 456 703 499 rere
721 434 866 497 Suaniam
885 434 968 498 iiiam
987 460 1006 499 a
1026 436 1129 517 Petro,
1147 460 1196 500 sa·

108 519 296 601 pientissimo
311 532 442 597 oratore,
463 532 602 581 vocatam
621 519 712 581 fuisse
730 519 869 581 fomitem
890 520 1049 597 maiorum,
1061 522 1195 603 σπινθῆ-

97 622 157 679 pu
177 602 241 661 tris
261 601 386 683 κακῶν,
405 614 441 664 ut
460 625 539 686 quae
569 604 699 683 μεγιῖπη
728 599 913 679 δυσμενείας
941 600 1123 683 ε’μπὺρωσις
1135 650 1144 681 ,
1166 616 1197 667 et

97 684 381 747 formidolosissimi
401 686 475 747 belli
504 688 656 748 Romanos
683 687 763 746 inter
783 708 818 747 ac
845 686 954 747 Persas
973 708 1062 747 eausa
1086 687 1195 766 luerit,

109 788 175 848 quo
207 768 577 852 Constantinopolitanum
617 771 780 852 hperium
813 780 955 852 totusque
983 770 1060 833 adeo
1085 771 1197 833 Oriens

105 848 252 913 ultimum
271 852 303 912 in
321 853 481 915 discrimen
498 856 593 916 venit.

193 934 331 1016 Pugna
345 938 379 999 Β.
387 936 480 1021 [484,
508 936 556 1019 4.]
576 935 617 996 In
637 934 817 997 Orienteud
836 934 955 997 Tanain
977 934 1067 996 Turci
1079 935 1197 1017 degens.

112 1014 165 1077 De
182 1016 355 1079 Turoorum
373 1022 491 1102 origine
519 1017 616 1079 multa
635 1017 745 1097 multi,
773 1040 871 1101 neque
890 1022 961 1081 satis
982 1032 1194 1080 consentanea.

108 1099 220 1160 Noster
245 1102 297 1163 hio
328 1102 425 1163 dictos
455 1102 529 1165 olim
562 1104 746 1182 Massagetas
777 1103 892 1163 asserit.
933 1103 1100 1163 Menander
1123 1124 1197 1165 vero

107 1183 204 1243 Sacas
221 1204 289 1266 pag
311 1184 380 1247 151.
407 1188 446 1246 D.
468 1184 607 1247 editionis
632 1187 741 1266 regiae.
782 1185 923 1247 Videuda
945 1184 983 1245 de
1017 1186 1054 1247 iis
1082 1185 1197 1267 prolixa

108 1266 256 1347 digressio
295 1266 515 1353 Theophylaeti
557 1268 737 1329 Simoeattae
772 1264 851 1327 libro
890 1268 1017 1349 septimo
1054 1267 1197 1331 historiae

109 1350 318 1411 Mauricianus
338 1372 423 1433 capp.
437 1374 469 1435 7.
493 1351 525 1413 8.
537 1362 568 1411 et
586 1372 619 1433 9.
640 1372 659 1411 a
678 1352 787 1433 pagina
807 1348 875 1433 174.
890 1350 1030 1412 editionis
1058 1353 1168 1433 regiae.

193 1433 323 1512 Pagai.
333 1436 369 1494 B.
382 1432 472 1517 [Μ
484 1432 529 1517 6.]
552 1434 775 1496 Cerniiclu'ones.
799 1432 883 1511 Quid
899 1453 958 1493 vox
974 1434 1030 1495 ista
1045 1436 1198 1495 veteribus

108 1512 214 1575 Persis
223 1516 446 1597 significaverit,
464 1538 594 1598 quaram
607 1516 649 1575 ob
659 1538 779 1578 causam
787 1516 895 1577 Turcis
908 1516 1046 1597 imposita
1058 1518 1106 1593 sit,
1123 1517 1197 1581 mihi

109 1598 209 1658 fateor
241 1599 471 1681 incompertum.
514 1599 680 1661 Menander
707 1600 866 1661 Proteotor
891 1621 957 1681 pag.
990 1600 1056 1661 155.
1077 1600 1199 1663 videtur

109 1682 259 1757 innuere,
281 1682 434 1744 Cherchos
451 1683 544 1745 fuisse
569 1681 698 1765 populos
719 1684 828 1744 Turcis
859 1684 992 1759 vicinos,
1018 1682 1100 1743 unde
1120 1684 1198 1747 forte

107 1764 223 1825 Tuscis
242 1764 373 1825 inditum
393 1764 471 1825 illud
489 1787 508 1826 a
527 1767 629 1827 Persis
654 1786 785 1843 nomen,
811 1766 896 1846 quusi
920 1764 1125 1826 Cherchorum
1150 1773 1198 1829 vi-

108 1858 229 1924 ctores,
249 1858 303 1907 aut
338 1848 414 1931 quid
432 1847 541 1910 simile.
581 1848 782 1910 Zemarchum
805 1850 917 1930 quippe
943 1848 1034 1909 refert
1060 1870 1079 1908 a
1110 1850 1199 1911 Disa-

108 1929 210 2003 bulo‚
238 1930 411 1992 Tureorum
433 1935 522 2013 rege3
553 1930 700 1991 donatum
729 1930 899 1990 concubina
925 1932 1045 2013 captiva
1073 1952 1108 1991 ex
1138 1934 1197 2011 iis,

108 2014 167 2095 qui
193 2011 338 2075 Cherehis
368 2015 520 2077 dicuntur.
568 2013 769 2095 Theophanes
799 2012 958 2087 Coalessor
987 2016 1020 2075 in
1047 2014 1198 2076 Chronico

110 2096 154 2157 ad
175 2116 289 2155 anuum
322 2098 480 2157 Iustiniani
505 2097 698 2177 imperatoris
730 2095 781 2157 36.
802 2096 877 2155 haec
902 2094 1017 2157 habet:
1053 2092 1217 2169 ἐλθόντες

114 2176 266 2257 πρέσβεις
285 2174 401 2258 Ἀσκὴλ
418 2180 477 2239 τοῦ
492 2174 600 2258 Ῥηγός
617 2175 831 2259 Ἔρμιχιώνων
841 2176 900 2237 τοῦ
918 2171 1196 2249 duodenenarium

107 2259 171 2322 τοῦ
191 2260 254 2320 τῶν
281 2254 453 2341 βαρβάρων
482 2254 595 2332 ἔθνους
626 2258 758 2339 πλησίον
788 2258 846 2319 τοῦ
866 2257 1006 2321 adsessori
1018 2307 1028 2337 ‚
1057 2255 1199 2337 δεόμενον

111 2340 175 2422 μὲν
194 2342 271 2423 (lege
291 2340 356 2423 μή)
386 2341 616 2418 ἀποδέξασθαι.
657 2344 745 2419 Quae
766 2345 809 2403 sie
828 2344 1044 2424 interpretatur
1066 2344 1200 2405 Anasta-

115 2428 181 2486 sius
220 2424 472 2487 Bibliothecarius
500 2447 570 2508 pag.
599 2424 650 2506 67.
680 2426 818 2485 editionis
838 2428 956 2508 regiae:
987 2426 1104 2487 Eodem
1119 2450 1200 2489 ανιιιο

110 2521 257 2569 venem
278 2509 369 2591 legati
393 2508 523 2585 Aseeiti,
551 2512 630 2587 regis
650 2508 892 2585 Ermielzionrms,
915 2510 1133 2591 (corrigendum
1149 2534 1200 2571 an

111 2589 215 2652 bitror
232 2591 494 2663 Chennieiebruum
509 2612 694 2673 quamquam
710 2592 814 2651 eadem
835 2592 885 2651 hie
905 2593 1053 2654 servanda
1074 2594 1198 2675 regula,

110 2694 194 2754 quae
216 2673 249 2733 in
275 2675 391 2735 Chunis
420 2687 451 2735 et
473 2675 589 2751 Hunis,
618 2675 741 2734 Lutario
760 2685 791 2734 et
812 2672 964 2752 Clotario,
993 2676 1199 2759 similibusque

112 2756 253 2817 barbaris
285 2759 464 2840 recipitur,)
500 2759 554 2841 qui
566 2758 680 2841 positia
701 2770 746 2817 est
772 2758 849 2816 sister
875 2756 1070 2818 hebeni-un
1082 2774 1198 2839 gentem

111 2842 205 2900 naen
225 2839 390 2901 Oceanum.

199 2920 280 3004 Peg.
298 2942 348 2984 ur.
363 2924 398 2983 B.
422 2920 518 3005 met,
534 2918 577 3003 8.]
608 2920 656 2982 Ne
684 2920 801 2981 Ahar-es
838 2922 979 3005 reciperet
1011 2921 1201 2986 obsecmrues.

112 3004 226 3069 Turris
242 3004 316 3065 olim
337 3005 486 3066 subiectos
502 3004 594 3065 suisse
607 3004 727 3065 Abaros
749 3005 813 3065 sive
830 3002 968 3077 Euneos,
993 3004 1128 3087 plerique
1145 3028 1198 3068 ve-

113 3089 357 3231 .Ὓωῖξὶζῲ
376 3087 1201 3253 Pffldil‘sstst‘qtititinmittite?

116 3255 247 3314 mstieus
273 3194 370 3315 liupd.
420 3276 437 3315 e
467 3253 608 3315 laudibus
629 3253 736 3313 lustini
764 3251 915 3329 Minoris,
935 3251 1073 3315 Avarum
1091 3254 1203 3337 legatas

116 3336 159 3399 ad
173 3334 365 3419 Imperatoris
374 3339 572 3420 praesentiam
587 3336 745 3415 deductos,
764 3335 822 3395 hac
835 3338 972 3395 oratione
991 3358 1061 3397 usos
1076 3337 1180 3423 fingite

242 3420 357 3481 &udan
378 3434 408 3481 et
427 3442 517 3505 asper
536 3420 626 3480 Avar
644 3419 731 3479 dntr's
748 3420 791 3478 sie
811 3421 906 3503 eoepit
924 3420 1057 3481 metiri:
1182 3454 1186 3461 ·

242 3503 311 3564 Rex
330 3502 470 3564 Avanun
491 3503 594 3585 Cagan
612 3502 761 3563 debellans
782 3504 889 3563 imima
910 3503 1033 3579 mendi,
1068 3526 1080 3551 ⁴

242 3586 385 3647 anosos
405 3588 515 3647 stravit
532 3606 643 3667 magna
659 3586 770 3645 vienne
789 3598 952 3665 tyrannos,

244 3668 419 3731 Innumeros
434 3669 583 3753 popellos,
607 3682 636 3728 et
644 3671 748 3747 startia
770 3690 863 3750 regna
883 3668 992 3751 subegit
1012 3680 1070 3731 ete.

116 3749 178 3811 Cari
198 3750 276 3812 inter
292 3762 391 3813 catera
405 3751 561 3834 respondit
580 3750 726 3828 lustinus,
735 3772 822 3895 aquae
840 3752 1000 3813 ostendant
1018 3776 1036 3815 a
1055 3756 1205 3836 potentio·

116 3833 207 3899 ribus
228 3835 349 3919 populis
371 3836 469 3896 victos
488 3834 664 3916 fugatosque
680 3837 712 3893 in
767 3835 810 3895 ias
826 3854 896 3894 oras
917 3840 1144 3919 eommigrasser

303 3919 487 4001 iiprofirgos
507 3918 614 3978 laudus
627 3962 635 3991 ‚
644 3919 796 4001 famaque
816 3918 928 3977 attollis
947 3921 1034 3979 inam

274 4014 409 4062 ntor-rem
424 4001 590 4085 poprium?
601 4022 683 4084 quae
689 4000 793 4079 firu'a
813 4022 905 4082 regna
923 4004 1059 4085 subegit?

245 4083 355 4165 Effira
374 4106 445 4166 gens
465 4083 604 4145 Anunms
618 4085 761 4168 pauperius
781 4082 939 4163 defendere
959 4099 1052 4148 terras

242 4165 840 4255 numerumnunerum
858 4168 997 4255 naam,
