3050 4892
329 316 372 379 ru
398 312 584 377 amoess
615 260 912 382 cinniorum.
1083 290 1162 379 561

76 470 274 533 Ludovicum
293 469 332 530 'de
353 470 505 545 Lacerda‚
525 472 668 533 loannem
687 472 858 533 Gersrdum
869 473 1011 535 Vossium
1029 476 1166 563 aliosque

75 555 205 697 passim.
230 556 329 631 Quam
350 574 423 613 vero
443 554 484 614 ob
505 576 624 613 causam
647 556 726 615 idem
748 555 824 616 illud
837 556 1012 618 Buccellarii
1031 563 1167 624 vocubu-

91 660 150 697 um
171 634 332 697 inclinante
352 638 553 697 inmorientis
574 640 700 719 imperio
725 636 958 720 Hellenogalatis
978 642 1042 701 sive
1061 644 1166 707 Gallo-

76 722 215 801 graecis,
241 720 323 801 quod
344 720 386 780 ait
405 720 525 793 Suidas,
556 741 720 802 corumque
740 715 855 803 regiobi
876 722 1055 802 adbaeserit,
1075 726 1167 789 doce·

74 802 128 863 bit
148 814 202 879 te,
224 804 249 861 si
270 806 384 873 nescis,
408 802 621 863 Constantinus
632 804 927 886 Porphyrogenitns‚
956 808 1042 867 errius
1062 818 1165 872 tamen

74 884 141 945 boc
162 885 193 944 in
216 896 391 966 argumenta
413 888 620 947 auctoritatem
641 889 755 968 respuit
781 888 944 949 Salmasius
965 890 996 949 in
1015 890 1166 955 Plinianis

76 969 120 1028 ad
141 967 280 1029 Soliuum
300 969 569 1029 exercitationibus.

166 1049 244 1131 Pag.
259 1052 291 1127 4.
302 1052 342 1109 D.
359 1049 389 1133 [ό
393 1050 442 1127 50,
459 1050 499 1133 1.]
521 1051 751 1112 Foederatorum
766 1072 881 1113 ποοιειι.
926 1055 1018 1131 Quod
1036 1052 1164 1123 loannes

75 1133 233 1193 Meursius
254 1134 285 1193 in
307 1132 459 1193 Glossario
489 1156 522 1194 ex
549 1134 670 1195 Malcho
691 1134 947 1216 Philadelphiensi
968 1141 1063 1217 (cuius
1087 1140 1163 1202 haec

74 1216 175 1277 verba
196 1218 228 1275 in
247 1217 403 1297 Excerptis
423 1238 491 1298 pag.
504 1215 556 1299 94.
579 1218 614 1276 B.
639 1218 673 1277 C.
696 1218 835 1277 editionis
854 1221 969 1299 regiae:
993 1212 1042 1281 ότι
1063 1220 1099 1283 ἐν
1119 1221 1165 1306 τῷ
1225 1276 1230 1289 ,

73 1289 150 1378 ἑξῆς
164 1293 228 1358 ἔτει
248 1297 301 1359 ε’πί
315 1296 459 1379 Ζήνωνος
474 1300 618 1378 πρέσβεις
635 1290 735 1379 ἦλθον
752 1302 787 1361 ἐν
805 1297 911 1384 Θρᾴκῃ
930 1302 993 1362 τῶν
1006 1297 1164 1365 ὑποσπόν-

75 1380 144 1465 δων
155 1378 187 1441 Γ
186 1374 296 1456 dtas,
312 1375 367 1453 οὓς
387 1376 424 1461 δὴ
441 1382 495 1441 κατ’
508 1380 714 1463 φοιὸἐράτοος
734 1378 762 1441 οἱ
775 1379 927 1457 Ῥωμαῖοι
937 1386 1093 1464 καλοῦσα)
1105 1407 1162 1449 neo

73 1484 140 1523 non
156 1485 193 1523 ex
207 1464 334 1523 Iordane
354 1464 392 1524 de
411 1464 502 1524 rebus
518 1466 627 1525 Geticis
650 1464 791 1547 colligere
809 1459 941 1541 videtur,
964 1468 1071 1529 Gothis
1081 1468 1161 1530 dun·

70 1556 159 1609 taxat
174 1544 233 1607 hoc
249 1568 359 1607 nomen
369 1546 517 1607 tributum
536 1547 626 1607 fuisse
640 1569 699 1605 :—
714 1559 781 1606 tum
802 1568 836 1609 ex
856 1561 960 1609 nostro
981 1549 1040 1610 boe
1049 1551 1161 1634 Olym·

69 1628 231 1713 pioduro,
265 1642 333 1691 tum
360 1652 395 1690 ex
414 1629 480 1690 aliis
503 1630 697 1711 scriptoribus
718 1630 849 1711 antiquis
868 1632 964 1692 refelli
984 1642 1101 1713 potest,
1124 1655 1162 1696 aa

70 1715 259 1773 nominatim
279 1714 428 1795 Procopio
448 1712 502 1771 lib.
520 1736 545 1771 ι.
562 1712 800 1773 Vandalicorum
819 1714 1006 1793 p.106.sub
1026 1717 1159 1777 initiume

71 1796 107 1856 ἐν
128 1797 320 1879 παρασκευῇ
340 1786 404 1875 εἶχε
431 1790 544 1869 πεζοός
570 1794 629 1871 μὲν
648 1789 842 1875 στρατιώτας
860 1794 1016 1873 μυρίους,
1046 1793 1162 1870 ἱππέας

72 1877 109 1938 δὲ
131 1875 405 1957 πεντακισχιλίους
433 1872 467 1936 ἔκ
490 1898 523 1938 τε
550 1878 748 1957 στρατιωτῶν
769 1876 824 1936 κατ’
843 1871 1041 1957 φοιιλερότων
1061 1880 1163 1953 ξονει·

73 1958 254 2039 λεγμένοιις.
295 1960 329 2021 ἑν
355 1959 390 2021 di
419 1956 458 2039 δὴ
489 1958 687 2041 φοιτλερότοις
714 1952 866 2039 πρότερον
892 1958 952 2037 μὲν
969 1956 1064 2036 μόνοι
1081 1960 1163 2042 βόρ-

72 2044 172 2121 βαοοι
202 2042 415 2122 κατελέγοντο,
449 2035 516 2103 doct
546 2042 604 2101 oda
630 2041 684 2103 ἐπί
708 2038 743 2103 τό
774 2040 882 2101 δοῦλοι
909 2032 999 2115 εἶναι,
1024 2034 1096 2124 (ἅτε
1113 2036 1159 2123 μὴ

71 2098 153 2223 πρός
170 2122 343 2200 Ῥωμαιων
365 2122 560 2209 inconsona)
577 2122 642 2185 ἀλλ’
662 2120 716 2184 ε’πί
734 2124 774 2207 τῇ
793 2118 846 2223 ὶσρ]
869 2122 925 2183 καί
943 2124 982 2205 τῇ
1001 2120 1094 2219 ὁμοίᾳ
1114 2124 1161 2197 εἰς

71 2230 134 2289 την
156 2204 316 2267 πολιτείαν
337 2204 505 2289 α’φίκοινιο.
546 2202 680 2289 φοίδερα
710 2203 772 2285 γὰρ
802 2229 859 2279 τας
876 2201 956 2285 πρὸς
974 2226 1047 2280 τους
1069 2210 1162 2267 πολε-

69 2290 169 2368 μίους
191 2285 328 2361 σπονιλός
348 2291 480 2349 καλοῦσι
501 2282 670 2366 Ῥωμαῖοι.
699 2286 732 2351 τό
758 2287 794 2349 δὲ
815 2291 870 2351 νόν
890 2310 992 2349 απασι
1010 2289 1068 2349 τοῦ
1087 2285 1165 2350 tat:

71 2390 176 2451 ματος
205 2365 319 2431 τοότοο
344 2366 542 2450 ἐπιβατεύειν
563 2367 622 2429 οὐκ
645 2372 680 2433 ἑν
700 2369 829 2454 κωλόμῃ
850 2366 933 2445 ἐστί,
955 2370 1013 2431 τοῦ
1035 2363 1157 2452 χρόνον

70 2450 133 2527 τὰς
170 2456 402 2537 προσηγορίας,
438 2452 490 2535 ἐφ’
517 2442 562 2515 ὧν
580 2451 752 2531 τέθεινται,
784 2447 898 2532 ἥκιστα
924 2452 1086 2525 α’ξιοῦντος
1104 2477 1159 2533 rq-

73 2542 160 2613 ρεῖν,
205 2530 286 2597 α’λλοὶ
322 2539 385 2600 τοῖν
419 2532 613 2615 πραγμάτων
645 2528 698 2599 aiei
729 2525 1029 2617 περιφερομένωνῇ
1057 2536 1161 2597 ταῦτα

72 2616 163 2701 λέγειν
194 2616 359 2681 ἐθέλουσιν
390 2610 569 2699 ἅνθρωποι,
600 2620 663 2680 τοῖν
680 2616 818 2702 πρόσθεν
839 2616 950 2689 αὐτοῖς
973 2612 1161 2695 ὠνομασμέ-

71 2724 135 2766 νων
158 2692 395 2782 ὀλιγωροῦντες.
438 2693 589 2780 όρχοντες
612 2700 647 2763 di
670 2694 751 2780 ἦσαν
776 2696 974 2782 φοιόερότων
1007 2700 1072 2775 μὲν
1087 2702 1161 2762 Δω-

73 2784 191 2867 ρόθεος
219 2793 276 2841 etc.
328 2784 455 2844 illustris
475 2784 564 2865 plane
584 2782 691 2861 locus,
719 2786 773 2865 qui
797 2793 828 2841 et
859 2782 958 2841 lucem
987 2780 1160 2841 foeneretur
1198 2788 1209 2799 ‘

73 2865 320 2951 Olympiodoro,
349 2878 379 2925 et
414 2866 454 2925 ab
490 2886 526 2925 eo
556 2866 686 2926 vicissim
717 2867 861 2945 accipiat,
895 2884 955 2944 qua
983 2862 1161 2923 refellantur
1246 2930 1249 2933 ⁴

72 2954 117 3028 ii,
150 2949 206 3029 qui
239 2948 271 3007 id
298 2950 421 3009 demum
447 2948 587 3029 Procopii
613 2960 749 3030 tempore
780 2948 939 3027 contigisse
964 2944 1162 3006 contendunt.
1195 2985 1199 3001 .

74 3034 202 3095 Poterat
222 3030 312 3091 etiam
326 3031 475 3091 Meiirsius
493 3030 705 3113 suffragantem
724 3030 858 3112 opinioni
881 3028 1085 3089 suaeSuidam
1106 3028 1161 3089 ad-

75 3116 227 3177 scribere:
255 3110 462 3196 φοιόερότοι·
494 3107 577 3175 οὕτω
607 3114 737 3174 καλοῦσι
770 3110 928 3180 Ῥωμαῖοι
967 3106 1041 3181 τούς
1080 3106 1163 3169 riuo-

75 3190 232 3270 σπόνδονς
256 3194 318 3258 τεόν
340 3195 481 3259 Σκυθῶν.
523 3198 639 3261 Gothos
668 3210 768 3259 autem
797 3192 889 3275 vulgo
916 3192 1041 3273 Scythas
1065 3193 1162 3253 dictos

75 3281 227 3343 Traianus
258 3280 407 3342 Patricius
429 3282 553 3354 asserit,
577 3280 723 3341 referente
745 3280 905 3339 Anastasio
926 3269 1160 3336 Bibliothecario

75 3364 219 3427 historiae
249 3362 462 3425 ecclesiasticae
490 3384 558 3445 pag.
581 3366 632 3425 55.
668 3364 808 3425 editionis
840 3361 950 3440 regiae.
1000 3357 1094 3419 Plura
1122 3358 1162 3419 de

76 3446 238 3509 foederatis
258 3450 296 3507 R.
327 3447 367 3508 P.
389 3448 567 3507 Sirmondus
598 3448 630 3506 in
650 3448 728 3507 notis
759 3447 798 3506 ad
830 3443 945 3503 Sidonii
976 3441 1163 3522 ¹Apollinaris

78 3551 95 3591 e
117 3530 240 3610 istolas,
263 3530 389 3593 Carolus
411 3530 544 3590 Annibal
564 3526 727 3591 Fabrottus
748 3528 900 3590 Glossario
921 3524 959 3585 ad
981 3524 1161 3604 Cedreuum,

51 3633 92 3673 -a
148 3635 199 3674 ue.

87 3736 89 3745 ,
127 3636 236 3777 ang.
251 3692 281 3757 5.
297 3696 338 3757 A.
352 3694 499 3779 [dim]
524 3695 695 3779 Olympium
715 3715 736 3753 α
762 3693 929 3753 Caratacum
946 3690 1077 3773 studius
1096 3708 1163 3750 ma·

78 3792 197 3839 etatum.
238 3771 408 3849 Ῥοιτόλοις
430 3775 597 3855 παιόμενον
617 3778 869 3850 babent-Graeca,
885 3797 945 3856 qua
965 3778 1056 3835 etiam
1075 3772 1163 3831 dicti-

77 3880 135 3921 one
155 3882 227 3921 usus
248 3860 375 3923 Pbotius
395 3864 428 3921 in
450 3860 646 3943 amplioribus
668 3882 702 3920 ex
726 3859 851 3919 historia
865 3859 1058 3938 Philostorgii
1071 3854 1162 3951 eclo-

68 3943 122 4045 ’ρῑε
143 3945 229 4005 initio
250 3942 319 4004 libri
346 3964 410 4005 rm:
436 3942 501 4004 ἀλλ’
525 3936 582 4003 oria
603 3940 646 4015 εἰς
665 3936 791 4021 μακρὰν
806 3937 862 4000 καί
887 3938 983 4001 αὐτόν
1010 3940 1162 4020 ῥοπαλοις

80 4024 286 4107 ιιναιρεθίντα
308 4028 476 4111 (pleuriticus
505 4048 619 4086 caessara
645 4026 744 4087 reddit
770 4024 925 4103 interpres)
947 4023 1003 4103 τῆς
1027 4038 1163 4101 μιαιφο·

79 4105 147 4178 νίας
177 4106 234 4188 τὴν
257 4108 345 4189 δίκην
375 4107 522 4171 ἀποτῖσαι
551 4110 593 4191 τῷ
620 4107 801 4186 Στελίχτονι.
845 4107 961 4181 Quodsi
982 4102 1073 4187 paulo
1095 4110 1170 4181 post,

81 4186 259 4252 Stelichonis
279 4194 398 4253 obitum
419 4214 532 4275 poenas
554 4192 637 4255 dedit
658 4190 832 4275 Olympius,
856 4186 893 4262 ὃς
912 4182 1048 4269 ἠγάγετο
1068 4184 1164 4247 Πλα-

116 4304 275 4380 Destppru,
292 4308 439 4382 Eutropius
454 4320 506 4367 etr·
775 4387 781 4403 ·
936 4304 971 4358 3⁶
