3050 4892
292 245 369 345 ido
719 266 929 331 nuceum

438 434 454 461 θ

150 490 276 559 deden
366 486 406 551 α’.
457 453 750 557 ΟιιτοόνΣκοθοόν
770 478 849 545 καταΙ
870 478 926 545 τόν
946 480 1001 565 τῆς
1020 478 1225 566 πανηγύρεως
1247 479 1363 566 καιρόν

138 561 643 683 Τηξέὲέάἑζκαταστρατηγησόντων
669 577 845 662 Ῥωμαίους
873 577 929 644 καί
947 577 1080 655 πολλοὺς
1100 578 1292 661 ἆνελόντων,
1330 579 1363 644 ei

210 682 433 765 Ρ.33Ῥωμαῖοι
451 684 633 747 ἐπέστελλον
652 677 732 765 πρός
750 676 826 754 rode
846 675 973 754 Σιόθας
983 728 995 760 ,
1014 680 1050 743 έν
1069 680 1157 767 αι’τίρ
1177 677 1362 759 mandem

205 769 237 823 V*
249 772 337 866 πετῆς
355 784 415 847 rori
434 781 590 868 φρουρίου
612 778 761 864 αἱρέσεως
780 780 883 843 ἕνεκεν
902 776 958 843 καί
974 780 1030 860 τῆς
1047 780 1110 843 ruis
1129 780 1272 843 σπονδῶν
1292 780 1363 844 α’λι-

281 884 409 965 γωρίας.
430 876 460 943 oi
482 880 517 944 δὲ
530 870 742 964 ἆπεκρίναντο,
763 876 809 951 οἷς
830 869 887 941 ode
906 873 1089 961 ἀρξόμενοι,
1109 869 1180 941 ἄλλ’
1200 872 1390 958 duoviros-5

281 1002 331 1042 νοι
342 982 443 1043 rorico
467 973 627 1062 δράσειαν
650 973 705 1041 τόν
726 974 789 1061 γὰρ
808 979 864 1059 τῆς
884 970 1024 1060 Μόργοο
1041 975 1210 1040 ένιίσκοντον
1222 976 1268 1051 εἰς
1285 968 1365 1039 ἔσο·

280 1078 344 1143 τοῖν
364 1070 578 1160 ἇναβεβηνότα
597 1078 655 1158 γῆν
675 1073 731 1138 καί
749 1070 1032 1161 διερευνησάμενον
1051 1070 1107 1148 τὰς
1133 1069 1221 1157 παρό
1251 1094 1367 1159 σφισιν

280 1177 459 1256 βασιλείους
478 1173 591 1257 θήκας,
606 1177 811 1257 σεσυληκέναι
829 1170 904 1248 roric
922 1170 1147 1254 εἷπονειμένοος
1161 1168 1363 1256 θησαυρούς·

252 1272 336 1338 Batoi
354 1276 384 1337 εἰ
403 1271 448 1357 μη
468 1275 578 1337 τοῦτον
598 1273 725 1351 ἐνδοῖεν,
747 1272 867 1336 ἐνδοῖεν
886 1273 923 1333 δὲ
949 1273 1006 1334 καί
1018 1268 1093 1345 τούς
1113 1267 1259 1355 φυγάδας
1278 1267 1362 1333 socri

280 1371 319 1437 τὰ
341 1372 530 1451 ὑποκείμενα
537 1420 548 1450 ,
579 1362 681 1456 (εἶναι
699 1367 758 1455 γόρ
782 1367 869 1455 παρὰ
891 1368 1061 1450 Ῥωμαίοις
1088 1369 1284 1453 uterorum)
1304 1364 1411 1431 τόνιο

281 1468 418 1549 πόλεμον
437 1466 571 1547 tudere.
606 1468 773 1548 Ῥωμαίων
793 1470 830 1532 δὲ
848 1466 906 1551 τὴν
926 1469 1030 1533 αἰτίαν
1050 1465 1110 1530 ode
1130 1459 1235 1549 οἷληθῆ
1255 1466 1362 1551 φαμέ-

281 1592 343 1633 νων
364 1560 459 1649 εἶναι,
493 1568 527 1630 έν
546 1574 613 1641 τοῖς
632 1569 795 1653 σφετέροις
823 1563 926 1649 λόγοις
953 1565 988 1631 τό
1010 1562 1122 1631 πιστόν
1152 1560 1183 1627 oi
1200 1561 1362 1649 βάρβαροι

280 1668 408 1746 θέμενοι
437 1667 567 1751 κρίσεως
592 1668 651 1745 μὲν
676 1666 739 1729 ταῖν
768 1660 957 1751 ἀμφιβόλων
988 1659 1246 1748 κατωλιγόροον,
1281 1660 1363 1745 πρός

280 1760 417 1845 πόλεμον
436 1766 472 1828 δὲ
492 1763 689 1848 ἐτράπησαν,
723 1765 779 1830 καί
797 1766 1025 1851 περαιωθέντες
1043 1760 1099 1827 τόν
1110 1755 1233 1847 Ἴστρον
1254 1756 1362 1835 πόλεις

280 1866 336 1929 καί
358 1863 498 1951 φροόρια
518 1870 649 1929 πλεῖστα
671 1861 726 1929 ent
740 1867 783 1952 τῷ
803 1864 935 1951 ποταμῷ
955 1859 1138 1928 ἐκάκωσαν.
1177 1862 1211 1926 έν
1238 1854 1286 1936 οἷς
1307 1865 1409 1928 sarrs

279 1960 314 2025 τό
335 1961 526 2044 Βιμινοίκιον
543 1958 642 2029 εἷλον·
683 1960 774 2039 πόλις
800 1964 838 2028 δέ
863 1958 944 2046 αὕτη
961 1964 1026 2027 ταῖν
1046 1964 1080 2026 έν
1098 1964 1261 2046 Ἰλλυριοῖς
1281 1962 1363 2025 Mo-

280 2064 355 2127 σῶν.
375 2054 420 2127 σόν
433 2066 612 2144 γινομένων,
632 2060 690 2127 καί
704 2086 797 2127 τινων
817 2056 1072 2145 λογοποιοόντων,
1094 2060 1139 2135 οός
1157 2058 1175 2121 ό
1195 2060 1363 2133 ἐπίσκοπος

280 2162 439 2244 ἐκδοθείη,
460 2156 542 2223 aiore
560 2159 605 2241 μὴ
627 2154 695 2234 ἑνός
715 2154 831 2245 ἀνδρὸς
849 2162 923 2247 πέρι
942 2164 987 2247 τῷ
1005 2162 1101 2224 παντί
1121 2156 1288 2239 Ῥωμαιων
1306 2154 1363 2221 τόν

281 2260 316 2321 ἐκ
334 2262 392 2321 τοῦ
410 2262 546 2337 πολέμου
568 2258 749 2341 ἐπαχθῆναι
767 2260 919 2339 κίνδυνον,
941 2258 1138 2341 ὑποτοπήσας
1158 2255 1176 2320 ό
1196 2248 1364 2343 ἅνθρωπος

205 2362 232 2413 Ρ.
242 2359 274 2428 34
282 2354 512 2439 ἐκδοθήσεσθαι
518 2405 529 2436 ,
550 2353 658 2421 λαθών
678 2354 752 2432 τοός
772 2357 806 2422 έν
825 2358 868 2445 τῷ
889 2350 977 2423 ἄστει
997 2354 1076 2443 πρός
1099 2354 1175 2431 τούς
1194 2356 1410 2436 πολεμόοςηο

281 2454 504 2538 παραγίνεται,
525 2452 581 2517 καί
599 2454 707 2529 adroic
733 2453 936 2539 παραδώσων
964 2450 1162 2538 ὑπισχνεῖται
1182 2452 1242 2538 την
1261 2451 1364 2533 πόλιν,

281 2550 344 2637 εἴγε
365 2551 499 2626 ἐπιεικές
518 2576 550 2615 τι
571 2549 600 2615 oi
616 2554 678 2617 τῶν
698 2557 830 2618 Σκυθῶν
849 2554 1071 2637 βουλεύσαιντο
1088 2555 1240 2636 βασιλεῖς.
1274 2547 1307 2615 οἷ
1329 2550 1365 2617 δὲ

353 2788 374 2825 ι.
406 2726 551 2838 Scythae,
578 2786 634 2843 quo
655 2780 777 2843 tompore
801 2779 936 2827 mercatus
957 2769 1118 2838 Scytharum
1137 2776 1166 2822 et
1182 2770 1367 2823 Romanorum

281 2840 419 2911 frequenti
437 2839 616 2895 multitudine
634 2844 838 2909 celebrabatur,
856 2846 989 2897 Bomunos
1008 2858 1069 2893 eum
1088 2839 1209 2895 exercitu
1234 2836 1299 2892 sunt
1316 2839 1366 2892 ud·

282 2911 353 2975 orti,
380 2920 408 2963 et
431 2913 532 2964 multos
559 2913 726 2967 oeciderunt.
770 2914 883 2965 Romani
911 2911 947 2965 ud
965 2910 1078 2979 Scythas
1095 2912 1243 2974 miserunt,
1261 2912 1312 2979 qui
1331 2908 1366 2961 de

279 2979 411 3049 praesidii
429 2983 630 3051 expugnatione
657 2993 686 3037 ct
705 2983 845 3037 foederum
866 2991 1023 3051 contemptu
1049 2998 1111 3033 cum
1136 2982 1176 3033 eir
1207 2980 1367 3048 expostule-

282 3059 351 3103 reut.
387 3050 424 3103 Hi
447 3066 511 3104 vero
529 3070 558 3104 se
581 3071 636 3107 non
655 3056 727 3107 uitro
751 3054 855 3105 beilum
881 3054 1046 3116 inferenter,
1071 3051 1119 3103 sed
1136 3050 1221 3102 iactas
1249 3049 1368 3101 iniurias

283 3119 462 3185 ulciscentes,
483 3121 551 3174 haee
575 3122 670 3177 secisse
695 3124 900 3194 responderunt
941 3123 1030 3191 Mergi
1057 3121 1131 3173 enim
1154 3138 1169 3171 e
1189 3122 1312 3189 iroopum
1335 3122 1367 3172 in

282 3207 345 3244 ruos
366 3192 432 3243 finer
451 3199 662 3261 transgressum,
688 3194 783 3247 fiscum
801 3195 904 3263 regium
932 3200 962 3245 et
987 3191 1143 3243 reconditos
1192 3206 1301 3243 esouros
1319 3192 1367 3243 in-

283 3262 408 3331 dagatum
425 3263 567 3333 expilasre.
603 3263 683 3317 Hunc
699 3265 754 3316 nisi
768 3263 901 3318 dederent
924 3280 979 3317 unu
1006 3277 1066 3314 eum
1081 3262 1245 3331 transfugis,
1263 3260 1366 3313 ntsoe·

283 3332 395 3385 deribus
414 3334 583 3397 convenerit,
606 3340 678 3397 (erse
696 3335 770 3387 enim
796 3334 869 3403 apud
896 3350 943 3387 eos
966 3333 1084 3403 plurer,)
1110 3330 1214 3384 beilum
1233 3330 1365 3382 illaturos.

283 3402 362 3484 Quae
380 3420 441 3456 oum
460 3404 572 3458 Romani
584 3419 647 3457 vers
665 3420 723 3458 esse
740 3412 879 3475 negarent,
905 3405 1014 3458 burburi
1032 3418 1095 3455 vero
1119 3404 1279 3464 incorum,
1296 3416 1370 3471 quse

285 3470 431 3536 dicebant,
448 3474 501 3527 fide
518 3482 679 3545 perstarent,
696 3474 829 3528 iudicium
850 3474 962 3546 quidem
977 3474 1011 3527 de
1028 3472 1093 3538 his,
1111 3488 1182 3543 quae
1199 3473 1229 3523 in
1250 3480 1369 3524 conten-

284 3545 360 3596 tione
378 3543 467 3612 positu
485 3554 576 3608 erunt,
594 3544 686 3597 subire
704 3547 818 3598 minime
836 3546 996 3608 voluerunt,
1014 3542 1062 3596 sed
1080 3542 1115 3596 ad
1131 3541 1236 3595 beilum
1253 3555 1371 3593 conver-

285 3612 309 3664 si
330 3622 400 3665 sunt.
437 3614 532 3685 ltaque
550 3618 707 3669 transmisso
726 3618 811 3682 istro,
830 3617 939 3688 oppidis
965 3623 994 3667 et
1019 3614 1137 3666 castellio
1160 3611 1196 3662 ad
1221 3612 1311 3681 ripam
1327 3610 1369 3661 si-

285 3684 323 3735 tis
354 3684 473 3753 plurimu
499 3684 596 3738 damna
619 3687 787 3751 intulerunt,
813 3696 842 3739 et
867 3688 940 3740 inter
957 3694 1047 3739 cetere
1070 3682 1270 3744 Viminacium,
1297 3696 1369 3751 quoe

286 3752 441 3806 Moesorum
462 3753 527 3807 urbs
544 3758 633 3809 estin
651 3757 775 3825 Illyrico,
803 3767 939 3828 ceperunt
976 3756 1026 3807 iiis
1043 3754 1142 3823 gestis,
1159 3766 1220 3803 com
1240 3749 1321 3803 multi
1338 3750 1371 3801 in

286 3824 457 3877 sermonibus
481 3822 655 3889 dictitarent,
682 3829 839 3897 episcopum
859 3825 923 3879 dedi
941 3833 1082 3895 oportere,
1098 3840 1133 3875 ne
1150 3823 1231 3874 unius
1247 3819 1375 3871 hominio

288 3912 368 3947 ceusu
382 3896 507 3949 universe
518 3896 697 3951 Romanorum
713 3898 868 3967 respublica
887 3897 954 3949 belli
972 3894 1123 3965 periculum
1141 3892 1302 3945 sustineret:
1321 3890 1375 3941 ilie

288 3984 316 4018 sc
335 3964 458 4019 deditum
477 3967 510 4018 iri
529 3968 694 4037 crispicatus,
719 3968 789 4020 eiam
811 3968 937 4021 omnibus
966 3968 1104 4019 civitatem
1127 3960 1313 4025 ineplentibus
1336 3958 1375 4011 sd

288 4034 379 4088 hostes
399 4038 508 4105 effugit,
536 4046 563 4089 et
582 4036 676 4091 urbem
700 4038 881 4101 traditurum,
908 4039 930 4088 si
950 4036 1004 4089 sibi
1024 4034 1184 4101 Scytharum
1204 4046 1280 4101 reges
1299 4029 1374 4081 iibe-

290 4106 396 4160 raiitatc
416 4126 464 4160 rua
483 4107 670 4173 consulerent,
692 4110 832 4177 pollicitus
851 4119 900 4162 est.
935 4106 977 4160 Ad
995 4124 1026 4159 eo
1043 4102 1278 4158 cumbcneficium
1296 4101 1377 4153 omni
