3050 4892
439 310 703 377 nrmuruour
732 311 938 377 fflsrouru.
1142 282 1222 371 361

153 454 215 527 εἶεν
236 457 299 527 εἴτε
316 461 476 546 Ῥωμαία,
497 466 733 549 παραδίδοσθαι
749 464 887 541 ου’θόνας
907 465 1089 552 ὖφέξοντας.
1127 462 1165 547 ς’,
1187 466 1369 542 dereses

152 558 187 625 εἴ
202 582 301 642 τινες,
331 561 366 625 έν
386 552 413 649 ᾧ
436 558 541 651 χρόνῳ
569 560 585 626 ό
607 561 740 644 πόλεμος
761 564 973 649 ξυνειστήκει,
993 554 1338 649 ηιλτομόλήσαν,Ῑῑ”ῑ,Ιο
1359 622 1379 675 ⁶

153 660 250 723 seviro
269 662 329 741 μέν
349 655 392 735 σός
411 664 544 747 Πέρσας
564 659 626 725 ἀπό
654 662 843 745 Ῥωμαιλσν,
870 666 963 729 τοῦτο
992 664 1029 728 δέ
1055 662 1119 727 α’πό
1142 624 1358 748 ssep-¹⁸¹⁸un'³

154 760 221 823 endu
255 753 299 832 ὥς
321 757 523 843 Ῥωμαιλιυς,
551 758 614 845 εἴγε
644 761 809 843 βούλοιντο
838 762 869 827 οἱ
887 760 1180 849 προσκεχωρηκότας
1200 765 1233 839 ές

132 853 194 919 ὅτιλ
219 853 301 919 οἴκοι
319 857 586 944 ἐπαναστρέφειν,
620 856 665 944 μή
686 858 835 945 γίνεσθαί
852 885 964 947 σφισιν
992 858 1139 943 ε’μπσδοόν
1156 854 1235 944 μήτε

153 949 217 1037 μήν
236 954 364 1043 καλόμῃ
384 954 575 1039 χρήσασθαί
598 981 671 1025 τινι.
710 956 784 1034 τσός
802 961 912 1039 μέντοι
939 961 975 1025 έν
994 962 1095 1047 καιρῷ
1113 955 1237 1043 εἰρήνης

156 1049 353 1134 αὐτομόλους
376 1050 473 1139 ήγουν
499 1054 756 1142 καταφεύγοντας
788 1059 823 1137 t}
850 1053 965 1143 ἑτέρων
984 1060 1029 1135 είς
1047 1054 1173 1142 ἑτέρους
1189 1055 1234 1143 μή

154 1151 385 1235 όπσδέχεσθαι,
416 1152 486 1219 ἀλλ’
506 1152 540 1218 ἐκ
563 1153 678 1232 παντός
697 1152 816 1242 τρόπου
838 1160 894 1221 καί
911 1150 1046 1232 ἄκοντας
1066 1155 1238 1241 όγχειρίςε·

155 1256 235 1317 σθαι
263 1261 330 1327 τοῖς
360 1255 394 1331 ε”ξ
422 1244 469 1321 τόν
499 1252 555 1318 καί
579 1248 774 1341 ἀπέδρασαν.
815 1256 839 1335 ζ
869 1259 964 1341 μέρος
990 1258 1053 1321 τόν
1071 1258 1236 1337 σπονδῶν,

120 1346 238 1417 rodere
263 1349 337 1427 τούς
364 1348 608 1435 ἐπεγκαλσῦντας
636 1352 712 1441 περί
743 1357 801 1420 τοῦ
829 1357 981 1421 σίνεσθαί
1002 1379 1033 1419 τι
1058 1354 1145 1440 σφᾶς
1164 1351 1267 1433 τσόςΙ

153 1452 483 1533 ἀντιπολιτευομένους
504 1451 575 1541 (iden
595 1456 768 1535 τέμνεσθαι
788 1451 825 1520 τό
851 1450 1132 1541 φιλονεικσόμενον,
1154 1447 1176 1536 ἢ
1197 1453 1241 1517 δι’

153 1546 277 1617 ἑαυτῶν
297 1552 361 1616 τῶν
379 1546 438 1635 τήν
456 1550 577 1637 βλάβην
597 1550 801 1619 πεπονθότων
820 1545 842 1639 ἢ
863 1556 907 1618 δι’
920 1552 1043 1619 οἰκείων
1061 1548 1241 1639 ἀνθρώπων

153 1648 188 1715 ἐν
217 1655 282 1726 τοῖς
310 1652 474 1733 μεθορίοις
501 1648 589 1733 παρό
622 1660 688 1727 τοῖς
716 1644 873 1737 ἄρχουσιν
903 1647 1054 1736 ἑκατέρας
1081 1652 1241 1727 πολιτείας

151 1747 341 1828 ξυνιόντων·
370 1743 452 1814 οὕτω
480 1751 516 1815 δὲ
542 1748 603 1835 τόν,
624 1748 826 1834 ζημισόσαντα
857 1743 1036 1817 δαίσασθαι
1057 1747 1095 1816 τό
1116 1749 1241 1830 στάζον.

116 1848 205 1933 ιὸή,
235 1842 317 1913 ὥστε
346 1849 404 1911 τοῦ
433 1850 545 1913 λοιποῦ
571 1846 615 1933 μή
639 1850 780 1933 ἐγκαλεῖν
799 1852 932 1933 Πέρσας
954 1847 1129 1930 Ῥωμαίοις
1148 1849 1240 1915 ἕνεκα

150 1950 210 2014 τοῦ
231 1948 447 2023 ἐπαιτιζεσθαι
467 1944 504 2011 τό
521 1946 651 2032 Δόρας,
681 1944 769 2025 ἔδοξε
798 1946 857 2011 καί
873 1945 1056 2032 α’μφστέραν
1080 1946 1241 2011 πολιτείαν

150 2050 209 2115 τοῦ
231 2048 344 2110 λοιποῦ
366 2046 522 2129 μηδαμῶς
549 2046 771 2129 ἐπιτειχίζειν,
788 2037 887 2130 {year
909 2046 1045 2132 περιοχῇ
1064 2068 1126 2109 τινι
1146 2069 1243 2110 κατα·

150 2147 322 2232 σφαλίζειν
347 2168 380 2209 τι
407 2144 471 2210 τῶν
497 2145 532 2210 έν
555 2154 622 2221 τοῖς
642 2140 821 2231 όροθεσίσις
841 2146 988 2231 χωρίων,
1023 2140 1142 2228 ἵναμή
1164 2143 1243 2229 πρόι

152 2266 256 2332 φααις
276 2244 422 2309 έντεῦθεν
444 2240 547 2309 ἔσοιτο
564 2246 723 2329 ταραχῆς,
737 2246 793 2320 καί
808 2246 845 2310 εἰι
858 2239 974 2308 τούτου
989 2241 1240 2328 διαλυθήσονται

111 2342 188 2419 ,οαὶ
210 2340 354 2409 σπονδαί.
393 2339 435 2424 θ’,
454 2342 499 2427 μή
522 2338 681 2427 ἐπιέναιή
693 2348 840 2427 πολεμεῖν
860 2335 985 2432 despatio}
1002 2340 1092 2408 ἔθνει
1110 2335 1133 2428 ἢ
1149 2340 1244 2430 χιόρρ
1316 2396 1320 2409 .

151 2444 220 2509 τινί
239 2436 317 2529 ἄλλῃ
337 2438 411 2517 τσός
429 2438 541 2527 ἐτέρας
560 2443 736 2518 πολιτείοις·
764 2446 885 2525 μᾶλλον
902 2444 963 2524 μὲν
980 2434 1038 2507 σόν
1060 2432 1136 2507 ἄνευ
1156 2438 1264 2523 did-c

150 2546 211 2628 βής
240 2538 297 2607 καί
324 2541 391 2613 κατ’
419 2540 513 2607 οὐδέν
534 2540 640 2607 ότιοῦν
666 2543 920 2628 πημαινομένσυς
947 2541 983 2606 δν
1008 2542 1054 2630 τήὶ
1073 2541 1164 2630 οδτήὶ
1181 2540 1241 2623 μέ·

224 2688 321 2747 &dud
340 2698 405 2745 ante
422 2693 548 2765 Περσῶν
573 2710 607 2747 ex
625 2694 695 2747 eoui.
715 2693 853 2748 addidisse
877 2693 988 2749 videtur
1004 2694 1039 2748 Η.
1125 2694 1151 2763 4.
1164 2710 1240 2764 προ·

224 2762 415 2835 κεχωρηκότες
431 2766 502 2835 vulg.
577 2773 674 2836 ρτσῖτ
691 2764 721 2827 ἐξ
734 2768 767 2819 Η.
773 2802 784 2830 ,
801 2755 870 2824 τοδε
886 2766 916 2828 ἐξ
931 2765 1004 2835 vulg.
1073 2780 1117 2821 aa.
1133 2780 1242 2836 αρμαι·

224 2838 366 2907 νομίνσυς
382 2832 425 2900 Ν,
441 2850 480 2901 τιή
497 2838 673 2908 μενομένους
686 2836 759 2907 vulg.

154 2962 273 3011 statutas
293 2954 388 3023 luant3
412 2962 444 3009 ut
468 2954 528 3020 his,
554 2958 620 3027 qui,
640 2956 705 3011 dum
728 2955 834 3008 bellum
851 2963 923 3020 erat,
949 2954 1008 3010 aire
1025 2952 1185 3007 altomeris
1204 2952 1242 3007 sd

154 3028 274 3091 Persas,
302 3026 360 3079 sive
378 3042 394 3077 a
411 3024 497 3079 Persis
515 3025 550 3077 ad
567 3030 699 3080 Romanos
718 3027 899 3091 transierunt,
925 3024 948 3078 si
967 3024 1073 3095 regredi
1094 3032 1123 3077 et
1139 3021 1175 3073 ad
1191 3037 1241 3074 sust

155 3100 249 3151 redire
264 3096 416 3159 voluerint,
441 3098 548 3149 nullum
564 3096 790 3167 impedimentum
804 3104 864 3149 'aut
885 3096 1010 3148 molestis
1033 3093 1096 3159 θοις
1120 3092 1170 3145 sed
1191 3094 1241 3163 qui

154 3182 319 3239 perpacem
338 3165 467 3236 deinceps
488 3166 630 3235 aufugient
649 3176 676 3220 et
692 3166 850 3237 migrabunt
870 3181 904 3218 ex
923 3165 1037 3219 alterius
1054 3163 1170 3216 ditionis
1184 3170 1242 3217 ter·

155 3242 210 3300 ris,
230 3240 260 3289 tn
278 3238 391 3289 alterius
411 3238 548 3305 regionem
568 3238 679 3293 minime
698 3238 893 3300 admittantur,
922 3233 971 3288 sed
995 3236 1072 3287 omni
1091 3232 1173 3287 modo
1199 3240 1243 3285 et-

156 3309 212 3361 iam
231 3309 314 3361 inriti
334 3306 484 3359 redduntur
500 3307 553 3369 his,
571 3324 586 3359 a
606 3326 722 3379 quorum
742 3308 884 3360 dominatu
903 3308 1070 3377 effugerunt3
1086 3322 1149 3374 pars
1171 3322 1242 3375 quo·

157 3397 212 3450 que
229 3376 371 3430 foederum
392 3376 464 3439 suit,
484 3386 526 3441 ut,
544 3377 567 3430 si
588 3381 636 3449 qui
658 3387 855 3450 quererentur,
875 3377 932 3430 sibi
951 3376 1020 3449 quid
1031 3374 1243 3429 dumniillatum

158 3464 216 3501 esse
234 3464 250 3499 a
270 3448 424 3501 contrariae
445 3450 527 3520 partis
550 3449 670 3513 civibus,
699 3448 804 3503 iudicio
820 3447 966 3501 dirimatur
982 3445 1166 3499 controversis
1184 3446 1243 3499 sire

177 3537 208 3571 er
225 3536 272 3577 eos
290 3519 380 3587 ipsos,
417 3520 446 3570 ui
467 3520 596 3571 iniurium
614 3520 776 3587 possiunt,
794 3519 851 3571 sire
870 3534 920 3587 per
935 3524 1023 3570 certos
1037 3514 1173 3581 hemines,
1192 3516 1244 3587 qni

155 3536 187 3643 δα
200 3588 327 3641 confiniis
344 3536 418 3657 apud
436 3589 678 3661 utriusquepartis
698 3590 850 3660 praefectos
868 3585 1046 3650 conveniant,
1068 3594 1096 3639 et
1116 3589 1173 3651 ito,
1192 3585 1244 3659 qui

154 3662 327 3731 peccaverit,
354 3660 453 3712 damno
472 3659 632 3743 medeaturp
659 3668 691 3713 ut
711 3661 741 3714 in
761 3666 902 3730 posterum
918 3658 1015 3713 Persae
1033 3656 1160 3711 Romanis
1185 3672 1244 3710 non

155 3738 343 3789 succenseant,
362 3730 437 3801 quod
453 3732 538 3783 Daras
555 3738 689 3793 muntani,
701 3730 817 3799 placuit,
835 3737 978 3801 utramque
998 3727 1208 3799 rempublicam
1225 3744 1242 3779 ι

157 3800 318 3854 muniendis
337 3800 404 3852 loeis
422 3816 508 3871 prope
532 3802 599 3854 fines
622 3801 681 3854 sitis
701 3818 782 3871 porro
805 3800 964 3865 abstinere,
987 3813 1077 3871 neque
1101 3816 1134 3853 ea
1159 3798 1244 3851 muris

158 3878 188 3924 et
208 3887 259 3941 pro
283 3870 422 3939 ugnaeuiis
447 3872 630 3933 circumdare,
659 3888 695 3923 ue
720 3872 786 3924 inde
804 3870 946 3924 turbarum
970 3871 1076 3924 occasio
1099 3878 1245 3932 nasestur,

159 3948 188 3995 et
205 3888 319 3995 foedera
337 3940 535 4009 dissolvantur,
553 3943 690 3995 nemiuem
710 3940 839 3994 invadere
855 3950 904 3995 aut
921 3940 996 3995 bello
1021 3942 1154 3994 lacessere
1179 3956 1247 4010 gen·

158 4020 215 4064 tem
234 4020 283 4065 aut
307 4012 462 4081 regionem,
490 4030 561 4084 quae
587 4012 638 4065 sub
663 4012 823 4065 alterutrius
854 4012 969 4082 imperio
997 4013 1048 4077 sit,
1078 4010 1127 4064 sed
1153 4009 1246 4083 potius

161 4097 253 4136 omnes
272 4081 347 4133 nutis
371 4082 472 4135 iniuria
490 4083 631 4137 lacessitos
655 4084 752 4136 eodem
773 4090 845 4136 statu
866 4098 992 4145 manere,
1009 4090 1041 4136 ut
1058 4082 1116 4135 iilis
1134 4096 1247 4153 quoque

158 4168 224 4222 paee
243 4152 298 4208 irai
316 4153 416 4225 liceat,
437 4170 471 4209 ue
490 4172 586 4227 magne
603 4154 725 4211 militum
744 4172 842 4210 manus
858 4154 944 4210 Dares
970 4154 1043 4210 utus
1058 4154 1142 4226 quam
1155 4159 1248 4211 eusto-
