3050 4892
257 260 301 324 ut
317 255 516 330 ,naonis
542 257 1031 350 innocentissimum.
1098 231 1179 349 597
1301 296 1304 299 -

103 409 451 496 phylistusstmocana
473 435 539 498 esp.
575 437 622 478 ro.
658 416 728 480 libri
755 421 838 480 tertii
879 419 1069 482 Munianum
1101 420 1186 482 hunc

103 497 284 575 patricium,
314 521 349 560 ec
369 520 425 581 pro
494 499 587 562 odum
613 499 652 562 de
682 501 796 567 familia
818 503 1012 584 imperatoris
1036 502 1182 585 appellat:

96 573 313 652 Ἰουστῖνοςό
344 580 427 644 τοῦ“
453 581 597 660 ωμαῖκοῦ
625 579 776 660 sanctem
803 583 849 658 εἰς
879 579 936 666 τὴν
960 584 1004 647 ἕω
1034 582 1185 682 ἐκπέμπει

104 656 299 740 Μαρκιανὸν
313 657 554 766 στρατηγὸνζέν
565 666 619 768 ’τῇ
637 659 799 754 καταλόγῳ
818 667 881 729 τῶν
896 669 1071 750 πατρικίων
1090 687 1182 748 οντα,

101 741 310 827 περίβλεπτον
335 738 456 826 ἄνδρα,
473 765 534 808 ova
554 769 617 810 ano
632 749 692 811 rori
707 751 818 830 γένους
842 751 900 812 τοῦ
923 749 1185 831 βασιλεώυ’πυγ·
1310 748 1312 751 ’

100 821 261 908 χάνοντα,
280 851 352 912 pag.
366 833 418 913 75.
440 830 581 893 editionis
593 833 702 914 regiae.
786 858 789 862 ·

187 911 267 992 pag.
285 933 335 978 απ.
349 914 389 974 Ι).
408 911 494 997 [486,
515 912 569 1058 &p
592 916 753 991 Memnet,
781 917 943 978 Persarum
963 915 1053 992 dunc,
1087 918 1189 1000 quiet
1255 927 1262 942 '

101 993 321 1056 Bommoanes.
365 997 531 1058 Ductorem
571 1019 630 1060 unc
645 998 759 1060 Persici
777 1003 923 1060 exercitus
942 1000 1094 1082 Euagrius
1112 999 1136 1058 i.
1155 998 1187 1061 5.

102 1097 172 1158 cap.
186 1097 217 1160 9.
237 1071 465 1161 Ἄδααρμάνην
489 1080 641 1162 appellat,
657 1082 904 1165 Theophyiactns
925 1084 1089 1144 simocatta
1118 1079 1188 1141 libri

101 1163 186 1224 tertii
205 1181 274 1242 cap.
294 1181 340 1224 ro.
356 1174 387 1225 et
408 1183 453 1244 ¹7·
468 1159 703 1244 Ἀόόρμαάνην,
726 1167 916 1248 Nicephorus
933 1165 986 1226 tib.
1009 1187 1055 1248 ¹7·
1076 1186 1105 1224 c.
1120 1145 1228 1224 158.V·
1243 1163 1290 1201 ²¹¹

106 1239 389 1325 Ουάρὸαμαὰνην,
414 1246 615 1328 Theophanes
640 1247 800 1310 Confessor
825 1250 865 1308 ad
887 1269 1002 1311 annum
1026 1247 1134 1310 lustini
1153 1267 1186 1327 9.

101 1321 314 1406 Ἀρδαβάνην,
337 1328 513 1390 Anastasius
531 1330 780 1394 bibliothecarius
797 1331 1020 1406 Ardentem,
1044 1353 1113 1412 pag.
1133 1328 1188 1425 69

103 1409 247 1470 editionis
266 1413 389 1491 regiae,
418 1413 544 1472 ioannes
559 1416 712 1476 Diaconos
733 1417 799 1475 sive
821 1413 990 1475 Landulfus
1014 1414 1111 1496 Sagax
1126 1413 1188 1472 Μι·

101 1491 214 1569 acellae
231 1491 310 1555 libro
325 1494 371 1555 ι6.
388 1493 689 1564 Arrhtanlonemsut
699 1499 807 1558 merito
824 1495 874 1558 bic
894 1497 1059 1558 exclamare
1070 1496 1188 1577 possis:
1265 1504 1267 1507 '

102 1588 148 1636 tot
163 1577 286 1660 capita,
308 1591 354 1638 tot
367 1580 536 1638 sententiae.
579 1580 671 1657 Quod
690 1601 763 1640 vero
787 1581 911 1640 maioris
924 1591 969 1641 est
992 1580 1029 1640 ad
1046 1597 1191 1640 remun-

102 1668 201 1718 stram
221 1663 387 1736 momenti,
411 1659 454 1723 illi
468 1682 573 1724 omues
595 1685 657 1723 non
673 1683 768 1744 prope
785 1662 914 1722 Nisibim
941 1685 960 1724 a
981 1662 1191 1723 Romanorum

103 1737 184 1801 duce
203 1743 357 1816 Marciano
380 1745 510 1816 vietum,
534 1745 584 1806 sed
617 1747 762 1808 victorem
786 1743 978 1820 describunt,
1008 1765 1046 1805 ne
1070 1743 1108 1804 de
1126 1745 1190 1804 Ro·

103 1825 204 1886 manis
228 1837 295 1886 toto
313 1848 408 1909 paene
432 1828 560 1888 Oriente
579 1829 818 1910 triumphantem
837 1830 1010 1907 Meranem,
1033 1847 1133 1909 neque
1151 1825 1193 1886 ob

103 1905 235 1970 affectati
251 1910 368 1992 imperii
387 1911 584 1991 suspicionem
606 1923 781 1972 revocatum
798 1933 817 1972 a
842 1912 958 1971 lustino
979 1911 1191 1983 Marcianum,

104 1991 159 2050 sed
181 2004 305 2074 propter
329 2013 438 2075 parum
469 1993 581 2055 iaustos
612 1995 643 2056 in
676 1993 759 2054 belin
792 2015 945 2054 srrccessus
982 2002 1012 2052 et
1042 2004 1144 2075 captas
1173 2011 1194 2051 a

104 2073 207 2136 Persis
221 2076 421 2137 nobilissimas
440 2078 586 2138 civitates.
630 2079 773 2137 Ceterum
792 2098 889 2157 paene
907 2077 1070 2140 omiseram
1088 2074 1194 2135 obser·

103 2173 179 2218 vare
202 2175 236 2218 ex
256 2160 409 2239 Procopio
429 2157 481 2222 lib.
505 2180 531 2220 ι.
555 2161 763 2238 Persicorum,
788 2162 946 2220 Meranetn
967 2179 1080 2218 nomen
1088 2156 1190 2238 digni·

103 2243 177 2320 tatis
198 2251 290 2324 atque
309 2241 399 2302 officii
417 2242 507 2305 suissc
525 2241 607 2324 apud
629 2245 756 2319 Persas,
777 2241 1035 2324 quemadmodum
1055 2252 1088 2301 et
1113 2241 1193 2301 Cha·

103 2343 277 2406 nomogcm.
321 2327 412 2402 Quod
430 2327 511 2388 enirn
535 2327 567 2386 in
588 2325 720 2388 editione
740 2325 960 2386 Hoescheliana
972 2346 1043 2408 pag.
1059 2345 1108 2406 ¹9·
1125 2343 1194 2383 cor-

104 2419 229 2489 ruptum
248 2408 368 2470 videtur
385 2410 443 2472 hoc
459 2407 568 2474 modos
591 2404 762 2490 στρατηγὸς
786 2408 821 2468 tt
845 2399 892 2481 εἷς
902 2401 1020 2469 ἅπασιν
1044 2399 1194 2502 desservi-

105 2507 153 2552 nst
168 2491 300 2572 Πέρσης
320 2485 418 2573 ἀνὴρ,
441 2485 615 2574 Mestum
635 2492 695 2569 μὲν
713 2486 748 2554 τὸ
766 2487 904 2570 α’ξίωμα,
928 2484 1026 2577 (οὕτω
1050 2482 1112 2570 γὰρ
1136 2508 1196 2568 την

104 2565 1196 2734 sinutetrusstetissertsntr‘ssss

106 2737 183 2819 ζην,
209 2728 311 2838 oipdpa
345 2701 494 2836 perch,
523 2733 682 2834 iifiqpo'rpv
711 2681 745 2800 di
766 2678 1053 2816 rddEt'cepoyhmi
1079 2675 1195 2796 triusion

106 2840 244 2904 orporea
269 2839 406 2900 ηγεμονα
419 2841 640 2899 κατεστησατο.

24 2911 27 2918 “
188 2903 268 2983 Peg.
282 2901 535 2984 22.1).[486‚5.]
567 2901 699 2983 Atmgi,
724 2915 753 2961 et
772 2900 904 2972 Sarnis,
941 2921 1000 2960 rex
1014 2898 1194 2959 Alaricum.

109 2975 287 3050 Anastasius
319 2985 569 3054 Bibliothecarius
599 2985 812 3066 aspirationem
845 2982 993 3064 Habasgis
1029 2983 1197 3064 praemittit

145 3067 248 3154 3433.
279 3070 420 3130 editionis
438 3069 536 3151 regiae
554 3114 563 3146 ,
579 3069 617 3128 de
645 3068 756 3150 quibus
783 3065 873 3146 plura
893 3085 948 3126 suo
964 3065 1045 3126 loco.
1086 3067 1197 3125 Unum

132 3155 159 3213 ic
185 3173 314 3228 moneo,
338 3153 369 3214 in
388 3153 546 3234 Excerptis
567 3173 603 3212 ex
627 3150 849 3232 Theophyiacti
870 3149 1050 3208 Simocattae
1086 3148 1139 3209 lib.
1167 3171 1196 3229 7.

109 3236 190 3316 apud
215 3235 361 3296 Photium
379 3257 470 3316 grave
485 3236 607 3296 subesse
626 3236 792 3310 mendum,
814 3231 897 3315 quod
918 3233 1014 3313 ipsam
1039 3233 1130 3292 etiam
1148 3232 1199 3288 in·

107 3323 354 3401 terpretatiooem
373 3313 484 3398 inficit3
506 3319 579 3402 qnid
597 3321 680 3380 enim
697 3319 874 3378 Turnorum
896 3315 1039 3396 Chegano
1055 3317 1120 3376 sive
1137 3315 1200 3373 Im·

107 3405 241 3483 peratori
267 3425 322 3484 per
345 3424 381 3465 ea
400 3415 538 3484 tempora
558 3405 659 3483 potuit
678 3421 740 3462 esse
760 3400 933 3461 commercii
959 3419 1030 3458 eum
1052 3397 1203 3480 Agerenis

107 3495 173 3546 tota
185 3485 280 3546 fenne
297 3485 370 3546 Asia
387 3487 592 3548 distantibus?
618 3479 666 3546 ἔτι
685 3483 721 3546 di
744 3478 818 3556 τούς
840 3476 939 3561 Ἀγὰρ
966 3474 1002 3540 td
1025 3473 1120 3550 ἔθνος
1132 3515 1136 3522 ’
1148 3476 1204 3537 καῖ

107 3561 149 3648 δὴ
172 3563 228 3629 καὶ
245 3561 320 3640 roric
345 3563 494 3647 Κόλχους
515 3561 593 3648 ἄχρι
617 3561 782 3648 τριάκοντα
808 3561 977 3648 μυριάδων
1005 3560 1203 3643 διέφθειρεν.

108 3650 168 3711 Vel
191 3652 274 3712 enim
296 3651 458 3736 legendum
482 3647 648 3729 Ἀβασγῶν
673 3645 710 3710 τὸ
736 3644 832 3719 ἔθνος
855 3647 1001 3708 suadebat
1017 3645 1202 3706 Colchorum

109 3731 364 3818 Abasgomrmque
386 3738 518 3812 vicinia,
550 3734 601 3795 vel
624 3733 707 3816 qnod
731 3733 832 3812 ipsum
855 3727 1080 3812 Theopbyiecti
1111 3736 1205 3810 caput

109 3827 254 3880 ocmvum
279 3820 508 3902 expressissimis
531 3817 634 3880 verbis
657 3817 764 3888 docet,
797 3813 944 3896 Ἀβαρῶν
971 3810 1204 3910 subrogandum

96 3903 236 3962 ‘omnino
264 3901 370 3964 tuscas
414 3901 507 3981 Quod
531 3901 643 3961 Doridi
677 3895 875 3974 Hoeseheiio,
902 3897 956 3980 qui
987 3893 1134 3958 soiiicrtus
1164 3892 1209 3951 de-

109 3998 262 4062 accentu,
285 3977 390 4066 Ἅγαρ
429 3983 591 4068 legendum
615 4004 681 4046 esse
703 3980 885 4059 contendit,
927 3980 1071 4039 Pontnno
1114 3987 1208 4056 atque

112 4067 249 4144 schotto,
269 4067 484 4152 interpretibus
500 4067 639 4142 eruditis,
658 4063 760 4128 naudi
779 4064 871 4124 inisse
884 4083 976 4144 saepe
996 4062 1125 4133 miratus
1139 4079 1210 4152 sum

121 4151 169 4210 De
205 4153 349 4234 Sabinis,
371 4153 501 4226 ‚Satoris
536 4161 590 4214 aut
615 4150 734 4238 Sophia
766 4145 854 4230 pluro
879 4145 954 4209 alins
986 4168 1021 4208 ex
1049 4145 1218 4225 Procopio»
