3050 4892
386 286 429 348 us
459 278 643 349 mancas
674 281 969 347 onnmonom.
1135 241 1224 365 573

149 466 153 477 ¹
228 440 304 525 Pag.
323 462 369 503 rr.
393 444 431 502 D.
469 440 543 529 463,
570 440 635 524 m]
662 440 812 503 Herodori
831 439 1051 523 iucnhmtionep
1071 442 1144 505 dum
1163 464 1221 527 pro
1251 435 1259 453 ’

145 546 231 587 more
251 526 409 607 diligenter
429 524 541 606 coligit
561 526 605 587 lo.
628 525 782 585 Ger-ardus
792 526 919 586 Vossius
926 546 1006 665 ¹pag.
1020 546 1092 607 292.
1112 527 1150 588 de
1170 528 1220 589 hi-

143 608 261 669 storicis
280 610 414 686 Graecis,
440 611 563 668 miratus
584 628 649 668 sum
671 611 909 689 praetermissam
939 610 1150 679 rissecitatam
1160 609 1221 672 hoc

140 686 211 752 io'co
232 691 271 751 ab
288 690 505 773 Olympiodoro
528 702 630 751 nostro
650 690 806 753 historiam
826 692 865 751 da
885 691 1012 772 Orpheo
1031 701 1062 750 et
1082 686 1219 771 Musaeo,

140 776 174 833 in
191 796 252 856 qna
264 775 424 835 Beatorum
440 773 567 834 insulam
580 768 758 845 ἐπιθετικεός
772 773 968 836 Phaeacidem
985 774 1161 855 appellarat,
1180 776 1220 836 ad

142 857 382 934 similitudinem,
406 868 440 917 ut
452 861 571 938 opinor,
587 856 736 939 Corcyrae
744 858 932 935 Homericae,
947 878 1037 938 quam
1049 856 1221 920 incolebant

290 940 426 1021 Φαίηκες
447 934 682 1019 δολιχήρετμοι,
707 939 906 999 ναυσίκλυτοι
929 929 1052 1019 ἄνδρες.
1124 956 1127 961 ·

144 1022 237 1099 Quod
265 1042 337 1083 vero
366 1022 404 1082 nd
426 1025 525 1083 varios
554 1023 646 1103 ipsius
667 1022 792 1081 Homeri
814 1020 928 1081 natales
947 1032 1076 1103 spectat,
1097 1024 1222 1085 consule

141 1105 324 1187 singularem
345 1103 505 1167 doctissimi
525 1105 583 1165 viri
603 1105 711 1164 Leonis
726 1103 832 1164 Allatii
852 1104 1030 1177 diatribam,
1053 1108 1105 1188 qui
1127 1118 1221 1169 totam

141 1186 222 1249 hanc
242 1190 476 1250 controversiam
496 1189 528 1247 in
549 1187 684 1247 savorem
702 1188 816 1268 patriae
829 1208 899 1247 suae
912 1189 1065 1270 ingeniose
1084 1193 1219 1253 extricat.

226 1272 303 1353 Peg.
326 1270 422 1331 ra.A.
439 1269 527 1351 [46ss
548 1268 595 1353 6.]
618 1264 771 1355 Placidiae
792 1281 821 1330 et
829 1270 994 1331 Constantii
1015 1273 1136 1353 nuptias
1154 1272 1221 1334 Ho-

141 1353 230 1417 norio
260 1356 340 1435 Aug.
363 1354 418 1414 XI.
448 1364 477 1415 et
509 1354 684 1414 Constantio
712 1350 822 1413 iterum
850 1352 934 1413 Coss.
945 1401 955 1430 ,
976 1353 1033 1414 hoc
1061 1366 1106 1415 est
1140 1373 1222 1417 anno

143 1437 332 1498 Christianae
351 1434 588 1518 Epochae417„
611 1436 705 1517 illigat
725 1436 981 1519 Olympiodorns,
1009 1458 1029 1496 a
1049 1456 1111 1518 quo
1137 1436 1221 1499 haud

143 1520 274 1581 multum
299 1518 451 1580 abludunt
483 1517 596 1581 idatius
629 1520 659 1577 in
693 1518 845 1578 Chronico
872 1530 903 1579 et
932 1520 1007 1579 Tiro
1028 1520 1159 1603 Prosper
1187 1525 1222 1585 in

141 1600 252 1663 Fastis.
295 1602 405 1663 Natam
434 1600 540 1663 eodem
563 1612 687 1661 exeunte
708 1622 789 1662 nuno
820 1612 872 1661 aut
897 1602 997 1683 potins
1022 1602 1080 1662 sub
1099 1605 1221 1666 initium

141 1682 291 1765 seqilenm
308 1688 485 1763 Bononiam,
507 1684 667 1745 verisimile
687 1693 750 1765 φη
764 1684 1009 1744 Valentinianum
1029 1696 1140 1760 antem,
1157 1688 1222 1749 eius

142 1768 279 1847 haman,
309 1768 386 1829 lulio
413 1768 559 1829 duntaxat
585 1786 688 1828 mense
713 1769 786 1843 anni
815 1765 888 1849 419.
909 1769 941 1827 in
960 1767 1059 1828 lucem
1077 1770 1222 1850 prodiisse

142 1870 262 1913 necesse
289 1862 352 1930 est,
386 1860 422 1910 ut
452 1870 533 1911 anno
565 1849 658 1929 425„
682 1870 753 1909 cum
786 1849 952 1930 Imperator
976 1851 1090 1911 Romae
1107 1872 1222 1912 renun-

141 1934 232 1995 tiatus
253 1936 326 2013 nit,
353 1936 503 2015 septennis
524 1954 585 1994 esse
603 1934 753 2015 potuerit3
782 1933 866 2014 quod
892 1943 993 2013 postea
1019 1943 1145 1994 testatur
1164 1956 1223 1995 no·

139 2027 201 2077 ster
232 2018 403 2079 historicus.
450 2004 606 2077 Consentit
636 2014 829 2077 Marcellinus
867 2014 973 2076 Comes
1004 2016 1037 2075 in
1070 2016 1223 2079 Chronico

140 2100 305 2161 indictione
325 2101 383 2179 11,
404 2100 546 2160 Monaxio
562 2112 592 2161 et
610 2098 846 2160 PlinthaCoss.:
872 2097 908 2158 V
902 2100 1097 2160 alemanna
1116 2100 1225 2162 Iwrior·

52 2225 56 2231 »
141 2184 227 2325 ppnd
252 2184 425 2243 Ravennam
448 2197 536 2267 patre
570 2182 738 2243 Comtantio
763 2195 793 2242 et
821 2181 963 2242 Plaaiirir
989 2196 1084 2243 matre
1120 2186 1222 2267 qitinto

174 2286 247 2325 onas
271 2266 367 2326 Iulias
391 2277 474 2327 nano
495 2279 546 2325 est.
590 2265 720 2345 Prosper
732 2267 763 2323 in
777 2266 875 2330 Fastis
890 2264 971 2325 diem
989 2262 1072 2325 hunc
1090 2256 1325 2339 annum-Vani

142 2369 202 2429 que
219 2347 350 2409 natalem
370 2368 433 2409 nno
452 2348 630 2421 antevertit,
666 2359 697 2408 et
711 2347 867 2408 consulatu
892 2347 1020 2408 Honorii
1042 2348 1221 2412 duodecimo

140 2450 176 2490 ac
189 2432 351 2491 Theodosii
368 2443 477 2493 octavo
491 2434 793 2512 temereconsignat,
826 2450 896 2491 cum
916 2450 934 2491 a
950 2428 1090 2492 Calendis
1109 2432 1221 2495 Ianua·

139 2514 192 2573 riis
210 2518 281 2573 anni
304 2514 400 2597 417„
425 2516 554 2597 quodie
573 2513 762 2575 consulatum
786 2514 854 2573 iniit
866 2514 1070 2587 Constantius,
1090 2526 1129 2594 et,
1154 2518 1220 2578 Ho-

46 2628 49 2639 ·
140 2598 228 2655 norio
243 2595 421 2661 conciliante
438 2618 480 2659 nu
502 2600 568 2669 tias,
589 2596 741 2657 Placidiae
754 2598 894 2656 convenit
909 2599 942 2656 in
961 2618 1095 2673 manum,
1110 2598 1149 2659 ad
1163 2599 1223 2662 Ca·

140 2676 243 2739 lendas
264 2678 355 2739 iulias
376 2682 447 2739 anni
474 2618 560 2757 AB,
596 2678 759 2737 octodecim
783 2678 995 2738 tantummodo
1022 2693 1224 2744 numerantur

141 2780 277 2839 menses,
296 2764 375 2821 intra
399 2782 476 2841 quos
504 2760 669 2820 Honoriam
693 2779 728 2819 ac
757 2758 1005 2819 Valentinianum
1026 2771 1113 2823 natos
1138 2764 1221 2827 affir-

32 2879 41 2890 ·
144 2864 226 2903 mare
254 2865 315 2903 non
342 2846 456 2925 patitur
485 2842 628 2903 naturalis
643 2852 746 2922 partus
766 2839 892 2900 humani
910 2842 1053 2905 conditio.

226 2924 304 3007 Pag.
321 2922 595 3009 ra.B.[464‚17]
611 2924 820 2984 Constantium
837 2923 876 2983 ab
893 2924 1028 2985 Honorio
1044 2930 1076 2987 in
1097 2948 1220 2989 consor-

135 3010 254 3069 tionem
287 3010 406 3089 imperii
433 3010 578 3069 adscitum
609 3028 669 3067 non
703 3028 733 3085 7.
759 3008 892 3088 integros
919 3028 1035 3069 menses
1059 3010 1221 3092 explevisse

143 3104 281 3153 constans
310 3104 355 3151 est
389 3089 599 3174 olympiodori
634 3090 823 3170 aliorumque
850 3094 1021 3169 sententia,
1053 3093 1135 3153 fatali
1168 3094 1222 3156 iilo

142 3178 258 3236 somnio
292 3174 438 3235 subnixa:
471 3174 578 3235 Sextio
600 3175 686 3245 abiit,
714 3175 850 3257 septimus
868 3174 1031 3235 inchoatio.
1073 3178 1143 3254 Quo
1165 3176 1221 3257 fit,

143 3270 177 3318 ut
201 3260 336 3320 assentiri
356 3278 504 3339 nequeam
519 3258 688 3337 Prospero,
708 3258 810 3336 quiin
836 3256 934 3316 Fastis
956 3256 1097 3339 Agricola
1115 3258 1221 3319 etEu-

142 3342 254 3402 stathio
280 3341 364 3402 Coss.
386 3341 554 3401 Constantii
579 3351 708 3399 mortem
728 3336 876 3412 collocat,
906 3359 975 3399 cum
997 3362 1078 3401 anno
1098 3363 1222 3423 praece-

142 3423 231 3485 dente
257 3424 402 3485 donatum
440 3422 631 3505 imperatoria
662 3423 807 3503 dignitate
840 3420 971 3499 scrihat;
997 3424 1094 3485 multo
1122 3427 1222 3486 minus

142 3507 239 3567 idatio
271 3510 302 3567 in
328 3508 441 3569 Chron.
469 3508 676 3566 Constantium
701 3506 778 3587 imp.
805 3505 967 3567 &vennae
991 3518 1146 3568 mortuum
1167 3528 1222 3569 suo

142 3594 232 3652 tertio
256 3589 411 3651 consulatu
431 3588 610 3650 affirmanti:
637 3610 706 3649 cum
728 3599 845 3648 certum
867 3590 907 3649 sit
932 3610 972 3661 en
989 3588 1068 3651 libro
1082 3594 1122 3658 ,3.
1148 3592 1223 3656 Cod.

143 3672 273 3749 Theod‚
290 3674 389 3734 adhuc
412 3694 492 3733 enno
512 3672 623 3733 Christi
636 3670 724 3749 dac,
740 3672 826 3732 Coss.
847 3671 990 3753 Agricola
1005 3685 1035 3734 et
1049 3675 1220 3754 Eustathio,

143 3758 333 3837 superstitem
363 3756 452 3817 firisse
486 3776 556 3817 cum
586 3755 722 3815 Honorio
750 3767 780 3814 et
807 3744 979 3817 Theodosio
1011 3758 1223 3838 Consentium

142 3837 233 3922 paulo
259 3850 328 3899 ante
352 3840 497 3901 Calendas
515 3839 653 3920 Augusti.
696 3836 831 3898 Aberrat
860 3860 981 3920 quoque
1011 3842 1043 3901 in
1071 3841 1223 3902 Chronico

144 3944 162 3984 e
190 3923 231 3982 V.
259 3922 293 3981 C.
319 3922 447 3984 Pitlioeo
473 3922 554 3983 edito
593 3924 655 3982 sive
682 3920 781 3991 idem,
814 3924 878 3982 sive
906 3922 1042 3985 diversus
1066 3924 1222 4007 Prosper,

139 4006 217 4066 ¹dum
235 4004 274 4066 a'd
290 4026 402 4066 anunm
422 4004 548 4067 Honorii
571 4024 619 4088 29.
647 4002 747 4063 differt
769 4004 935 4066 Constantii
955 4006 1073 4068 obitum
1092 4008 1140 4069 his
1154 4027 1224 4068 rer-
1350 4077 1354 4089 Ι

142 4088 207 4165 hist
233 4090 401 4151 Constantio
417 4090 548 4169 dignit&
562 4089 681 4171 imperii
695 4088 733 4147 ab
750 4087 889 4149 Honorio
905 4090 986 4171 (non)
1005 4105 1105 4175 sponte
1125 4095 1224 4169 (exeu-

144 4174 184 4235 εἰς
201 4172 392 4259 negationem
404 4172 506 4236 deesse
522 4170 663 4253 arbium)
685 4170 806 4249 delata5
827 4194 888 4257 qua
906 4175 968 4245 ,atie
994 4188 1059 4237 octo
1081 4174 1225 4236 mentina
