<?xml version="1.0" encoding="UTF-8"?>
<!DOCTYPE html PUBLIC "-//W3C//DTD XHTML 1.0 Transitional//EN"
    "http://www.w3.org/TR/xhtml1/DTD/xhtml1-transitional.dtd">
<html xmlns="http://www.w3.org/1999/xhtml" xml:lang="en" lang="en">
 <head>
  <title>
</title>
<meta http-equiv="Content-Type" content="text/html;charset=utf-8" />
  <meta name='ocr-system' content='tesseract 3.04.00' />
  <meta name='ocr-capabilities' content='ocr_page ocr_carea ocr_par ocr_line ocrx_word'/>
</head>
<body>
  <div class='ocr_page' id='page_1' title='image "./corpusscriptoru41niebgoog/corpusscriptoru41niebgoog_0119.png"; bbox 0 0 3050 4892; ppageno 0'>
   <div class='ocr_carea' id='block_1_1' title="bbox 339 296 1225 403">
    <p class='ocr_par' dir='ltr' id='par_1_1' title="bbox 339 296 1225 403">
     <span class='ocr_line' id='line_1_1' title="bbox 339 296 1225 403; baseline 0.006 -17"><span class='ocrx_word' id='word_1_1' title='bbox 339 316 345 334; x_wconf 91' lang='grc'>’</span> <span class='ocrx_word' id='word_1_2' title='bbox 439 320 500 403; x_wconf 57' lang='grc' dir='ltr'>ολ,</span> <span class='ocrx_word' id='word_1_3' title='bbox 519 322 683 391; x_wconf 77' lang='lat' dir='ltr'>euusru</span> <span class='ocrx_word' id='word_1_4' title='bbox 711 296 918 395; x_wconf 72' lang='lat' dir='ltr'>ursrourr.</span> <span class='ocrx_word' id='word_1_5' title='bbox 1167 304 1225 391; x_wconf 79' lang='lat'>53</span> 
     </span>
    </p>
   </div>
   <div class='ocr_carea' id='block_1_2' title="bbox 89 472 1373 2256">
    <p class='ocr_par' dir='ltr' id='par_1_2' title="bbox 125 472 1373 868">
     <span class='ocr_line' id='line_1_2' title="bbox 126 472 1363 573; baseline 0.006 -30"><span class='ocrx_word' id='word_1_6' title='bbox 126 472 209 543; x_wconf 85' lang='grc' dir='ltr'><strong><em>νδτο</em></strong></span> <span class='ocrx_word' id='word_1_7' title='bbox 229 473 400 563; x_wconf 72' lang='grc' dir='ltr'><em>φυλάττειν</em></span> <span class='ocrx_word' id='word_1_8' title='bbox 420 472 515 564; x_wconf 84' lang='grc' dir='ltr'><strong><em>δρκον</em></strong></span> <span class='ocrx_word' id='word_1_9' title='bbox 536 480 643 556; x_wconf 73' lang='lat' dir='ltr'>adroic</span> <span class='ocrx_word' id='word_1_10' title='bbox 663 480 719 545; x_wconf 77' lang='grc' dir='ltr'>καὶ</span> <span class='ocrx_word' id='word_1_11' title='bbox 736 480 781 567; x_wconf 68' lang='grc' dir='ltr'>μὴ</span> <span class='ocrx_word' id='word_1_12' title='bbox 803 486 1012 569; x_wconf 74' lang='grc' dir='ltr'><strong><em>παραβαίνειν</em></strong></span> <span class='ocrx_word' id='word_1_13' title='bbox 1031 485 1152 561; x_wconf 67' lang='grc' dir='ltr'><strong><em>ἐκεινοις</em></strong></span> <span class='ocrx_word' id='word_1_14' title='bbox 1165 484 1363 573; x_wconf 56' lang='lat' dir='ltr'>aduttum</span> 
     </span>
     <span class='ocr_line' id='line_1_3' title="bbox 125 566 1331 697; baseline 0.006 -54"><span class='ocrx_word' id='word_1_15' title='bbox 125 576 302 659; x_wconf 71' lang='grc' dir='ltr'><strong><em>συνθήκας.</em></strong></span> <span class='ocrx_word' id='word_1_16' title='bbox 344 567 500 663; x_wconf 47' lang='lat' dir='ltr'>abscedi</span> <span class='ocrx_word' id='word_1_17' title='bbox 520 574 601 664; x_wconf 80' lang='grc' dir='ltr'><strong><em>ἦσαν</em></strong></span> <span class='ocrx_word' id='word_1_18' title='bbox 623 580 910 663; x_wconf 57' lang='lat' dir='ltr'>desideraremus*</span> <span class='ocrx_word' id='word_1_19' title='bbox 929 583 1124 671; x_wconf 79' lang='grc' dir='ltr'><strong><em>βαρβαρικὸν</em></strong></span> <span class='ocrx_word' id='word_1_20' title='bbox 1143 566 1331 697; x_wconf 49' lang='grc' dir='ltr'>ἧδοςξὲζιὶ</span> 
     </span>
     <span class='ocr_line' id='line_1_4' title="bbox 126 641 1373 769; baseline 0.008 -29"><span class='ocrx_word' id='word_1_21' title='bbox 126 680 178 752; x_wconf 78' lang='grc' dir='ltr'>εἰς</span> <span class='ocrx_word' id='word_1_22' title='bbox 198 669 348 759; x_wconf 77' lang='grc' dir='ltr'><strong><em>ω’μότητα</em></strong></span> <span class='ocrx_word' id='word_1_23' title='bbox 368 680 643 763; x_wconf 78' lang='grc' dir='ltr'><strong><em>παρατρέχουσαι,</em></strong></span> <span class='ocrx_word' id='word_1_24' title='bbox 666 682 764 744; x_wconf 72' lang='grc' dir='ltr'><strong><em>παντὶ</em></strong></span> <span class='ocrx_word' id='word_1_25' title='bbox 782 683 890 769; x_wconf 76' lang='grc' dir='ltr'><strong><em>τρόπῳ</em></strong></span> <span class='ocrx_word' id='word_1_26' title='bbox 907 678 1074 763; x_wconf 85' lang='grc' dir='ltr'><strong><em>Ῥωμαίοις</em></strong></span> <span class='ocrx_word' id='word_1_27' title='bbox 1093 686 1224 768; x_wconf 83' lang='grc' dir='ltr'><strong><em>ε’τιιβου-</em></strong></span> <span class='ocrx_word' id='word_1_28' title='bbox 1278 661 1303 695; x_wconf 87' lang='lat' dir='ltr'>e.</span> <span class='ocrx_word' id='word_1_29' title='bbox 1341 641 1373 709; x_wconf 62' lang='lat'>⁸⁴</span> 
     </span>
     <span class='ocr_line' id='line_1_5' title="bbox 127 774 1223 868; baseline 0.008 -28"><span class='ocrx_word' id='word_1_30' title='bbox 127 774 237 841; x_wconf 83' lang='grc' dir='ltr'><strong><em>λεάειν</em></strong></span> <span class='ocrx_word' id='word_1_31' title='bbox 256 776 313 839; x_wconf 82' lang='grc' dir='ltr'><strong><em>καί</em></strong></span> <span class='ocrx_word' id='word_1_32' title='bbox 331 774 415 865; x_wconf 77' lang='grc' dir='ltr'><strong><em>πάσῃ</em></strong></span> <span class='ocrx_word' id='word_1_33' title='bbox 435 780 561 865; x_wconf 80' lang='grc' dir='ltr'><strong><em>μηχανῇ</em></strong></span> <span class='ocrx_word' id='word_1_34' title='bbox 585 782 641 843; x_wconf 79' lang='grc' dir='ltr'>καί</span> <span class='ocrx_word' id='word_1_35' title='bbox 667 776 748 868; x_wconf 75' lang='grc' dir='ltr'><strong><em>δόλῳ</em></strong></span> <span class='ocrx_word' id='word_1_36' title='bbox 769 779 848 855; x_wconf 83' lang='grc' dir='ltr'><strong><em>τοδς</em></strong></span> <span class='ocrx_word' id='word_1_37' title='bbox 875 780 1126 863; x_wconf 71' lang='grc' dir='ltr'><strong><em>ὑποδεξαμένους</em></strong></span> <span class='ocrx_word' id='word_1_38' title='bbox 1152 778 1223 849; x_wconf 84' lang='grc' dir='ltr'><strong><em>άδι-</em></strong></span> 
     </span>
    </p>

    <p class='ocr_par' dir='ltr' id='par_1_3' title="bbox 106 868 1302 1161">
     <span class='ocr_line' id='line_1_6' title="bbox 106 868 1302 969; baseline 0.008 -32"><span class='ocrx_word' id='word_1_39' title='bbox 106 880 206 955; x_wconf 71' lang='grc' dir='ltr'><strong><em>δυεῖν,</em></strong></span> <span class='ocrx_word' id='word_1_40' title='bbox 238 868 298 939; x_wconf 82' lang='grc' dir='ltr'><strong><em>κάν</em></strong></span> <span class='ocrx_word' id='word_1_41' title='bbox 317 872 357 938; x_wconf 88' lang='grc' dir='ltr'>τά</span> <span class='ocrx_word' id='word_1_42' title='bbox 376 877 510 969; x_wconf 78' lang='grc' dir='ltr'><strong><em>μδγιστα</em></strong></span> <span class='ocrx_word' id='word_1_43' title='bbox 539 876 592 941; x_wconf 75' lang='grc' dir='ltr'>ὕπ’</span> <span class='ocrx_word' id='word_1_44' title='bbox 613 878 718 943; x_wconf 77' lang='lat' dir='ltr'>edacis</span> <span class='ocrx_word' id='word_1_45' title='bbox 739 872 779 941; x_wconf 78' lang='lat' dir='ltr'>sd</span> <span class='ocrx_word' id='word_1_46' title='bbox 800 878 990 963; x_wconf 80' lang='grc' dir='ltr'><strong><em>πάσχωσιν,</em></strong></span> <span class='ocrx_word' id='word_1_47' title='bbox 1022 878 1067 955; x_wconf 68' lang='grc' dir='ltr'>οἷς</span> <span class='ocrx_word' id='word_1_48' title='bbox 1095 871 1134 946; x_wconf 74' lang='lat' dir='ltr'>ds</span> <span class='ocrx_word' id='word_1_49' title='bbox 1161 887 1218 967; x_wconf 80' lang='grc' dir='ltr'>τῆς</span> <span class='ocrx_word' id='word_1_50' title='bbox 1230 916 1256 967; x_wconf 68' lang='lat'>1)</span> <span class='ocrx_word' id='word_1_51' title='bbox 1298 919 1302 934; x_wconf 61' lang='grc' dir='ltr'><strong><em>ι</em></strong></span> 
     </span>
     <span class='ocr_line' id='line_1_7' title="bbox 128 970 1225 1063; baseline 0.01 -27"><span class='ocrx_word' id='word_1_52' title='bbox 128 970 260 1037; x_wconf 75' lang='grc' dir='ltr'><strong><em>ἐκείνων</em></strong></span> <span class='ocrx_word' id='word_1_53' title='bbox 281 971 406 1058; x_wconf 71' lang='grc' dir='ltr'><strong><em>ἁπάσης</em></strong></span> <span class='ocrx_word' id='word_1_54' title='bbox 425 972 535 1060; x_wconf 74' lang='grc' dir='ltr'><strong><em>χώρας</em></strong></span> <span class='ocrx_word' id='word_1_55' title='bbox 557 978 715 1062; x_wconf 76' lang='grc' dir='ltr'><strong><em>ἐγκρατεῖς</em></strong></span> <span class='ocrx_word' id='word_1_56' title='bbox 735 980 896 1058; x_wconf 77' lang='grc' dir='ltr'><strong><em>γένωνται.</em></strong></span> <span class='ocrx_word' id='word_1_57' title='bbox 938 981 1015 1062; x_wconf 71' lang='grc' dir='ltr'><strong><em>περὶ</em></strong></span> <span class='ocrx_word' id='word_1_58' title='bbox 1027 976 1144 1045; x_wconf 77' lang='grc' dir='ltr'><strong><em>τούτου</em></strong></span> <span class='ocrx_word' id='word_1_59' title='bbox 1164 986 1225 1063; x_wconf 78' lang='grc' dir='ltr'><strong><em>μὲν</em></strong></span> 
     </span>
     <span class='ocr_line' id='line_1_8' title="bbox 125 1061 1225 1161; baseline 0.009 -27"><span class='ocrx_word' id='word_1_60' title='bbox 125 1061 188 1135; x_wconf 74' lang='lat' dir='ltr'>osia</span> <span class='ocrx_word' id='word_1_61' title='bbox 202 1064 246 1155; x_wconf 80' lang='grc' dir='ltr'><strong><em>ἦν</em></strong></span> <span class='ocrx_word' id='word_1_62' title='bbox 259 1072 367 1147; x_wconf 67' lang='lat' dir='ltr'>adroic</span> <span class='ocrx_word' id='word_1_63' title='bbox 378 1071 400 1156; x_wconf 78' lang='grc' dir='ltr'><strong><em>ἡ</em></strong></span> <span class='ocrx_word' id='word_1_64' title='bbox 411 1071 530 1156; x_wconf 74' lang='grc' dir='ltr'><strong><em>στάσις,</em></strong></span> <span class='ocrx_word' id='word_1_65' title='bbox 545 1077 601 1139; x_wconf 77' lang='grc' dir='ltr'>καί</span> <span class='ocrx_word' id='word_1_66' title='bbox 614 1076 853 1159; x_wconf 75' lang='grc' dir='ltr'><strong><em>διανεμηθέντος</em></strong></span> <span class='ocrx_word' id='word_1_67' title='bbox 866 1070 1105 1161; x_wconf 73' lang='grc' dir='ltr'><strong><em>ἀπερράγησαν,</em></strong></span> <span class='ocrx_word' id='word_1_68' title='bbox 1124 1078 1153 1142; x_wconf 87' lang='grc' dir='ltr'>οἱ</span> <span class='ocrx_word' id='word_1_69' title='bbox 1164 1083 1225 1160; x_wconf 75' lang='grc' dir='ltr'><strong><em>μὲν</em></strong></span> 
     </span>
    </p>

    <p class='ocr_par' dir='ltr' id='par_1_4' title="bbox 123 1167 1225 1359">
     <span class='ocr_line' id='line_1_9' title="bbox 123 1167 1225 1262; baseline 0.005 -27"><span class='ocrx_word' id='word_1_70' title='bbox 123 1167 165 1235; x_wconf 83' lang='grc' dir='ltr'>τά</span> <span class='ocrx_word' id='word_1_71' title='bbox 186 1174 291 1256; x_wconf 82' lang='grc' dir='ltr'><strong><em>χείρω</em></strong></span> <span class='ocrx_word' id='word_1_72' title='bbox 310 1175 501 1257; x_wconf 67' lang='grc' dir='ltr'><strong><em>προθέμενοι</em></strong></span> <span class='ocrx_word' id='word_1_73' title='bbox 520 1177 577 1258; x_wconf 79' lang='grc' dir='ltr'>τῆς</span> <span class='ocrx_word' id='word_1_74' title='bbox 595 1176 722 1258; x_wconf 79' lang='grc' dir='ltr'><strong><em>βουλῆς,</em></strong></span> <span class='ocrx_word' id='word_1_75' title='bbox 744 1171 775 1237; x_wconf 79' lang='grc' dir='ltr'>οῖ</span> <span class='ocrx_word' id='word_1_76' title='bbox 794 1176 831 1238; x_wconf 78' lang='grc' dir='ltr'>δὲ</span> <span class='ocrx_word' id='word_1_77' title='bbox 851 1172 890 1238; x_wconf 86' lang='grc' dir='ltr'>τά</span> <span class='ocrx_word' id='word_1_78' title='bbox 916 1178 1135 1262; x_wconf 68' lang='grc' dir='ltr'>εὐσεβέστερα,</span> <span class='ocrx_word' id='word_1_79' title='bbox 1155 1178 1225 1241; x_wconf 80' lang='grc' dir='ltr'><strong><em>δαι-</em></strong></span> 
     </span>
     <span class='ocr_line' id='line_1_10' title="bbox 123 1266 1224 1359; baseline 0.008 -28"><span class='ocrx_word' id='word_1_80' title='bbox 123 1266 316 1353; x_wconf 79' lang='grc' dir='ltr'><strong><em>κράπτοντες</em></strong></span> <span class='ocrx_word' id='word_1_81' title='bbox 335 1273 372 1335; x_wconf 83' lang='grc' dir='ltr'>δὲ</span> <span class='ocrx_word' id='word_1_82' title='bbox 391 1267 523 1357; x_wconf 76' lang='grc' dir='ltr'><strong><em>ἑκατέρα</em></strong></span> <span class='ocrx_word' id='word_1_83' title='bbox 540 1268 650 1349; x_wconf 88' lang='grc' dir='ltr'><strong><em>στάσις</em></strong></span> <span class='ocrx_word' id='word_1_84' title='bbox 668 1270 727 1357; x_wconf 68' lang='grc' dir='ltr'><strong><em>τάν</em></strong></span> <span class='ocrx_word' id='word_1_85' title='bbox 747 1271 910 1358; x_wconf 81' lang='grc' dir='ltr'><strong><em>πρόφασιν</em></strong></span> <span class='ocrx_word' id='word_1_86' title='bbox 928 1275 984 1358; x_wconf 76' lang='grc' dir='ltr'>τῆς</span> <span class='ocrx_word' id='word_1_87' title='bbox 1013 1276 1110 1359; x_wconf 76' lang='grc' dir='ltr'><strong><em>δργῆς</em></strong></span> <span class='ocrx_word' id='word_1_88' title='bbox 1129 1269 1224 1358; x_wconf 76' lang='grc' dir='ltr'><strong><em>ὅμως.</em></strong></span> 
     </span>
    </p>

    <p class='ocr_par' dir='ltr' id='par_1_5' title="bbox 91 1368 1239 1857">
     <span class='ocr_line' id='line_1_11' title="bbox 91 1368 1222 1459; baseline 0.002 -22"><span class='ocrx_word' id='word_1_89' title='bbox 91 1368 186 1439; x_wconf 70' lang='lat' dir='ltr'>noxus*</span> <span class='ocrx_word' id='word_1_90' title='bbox 205 1369 224 1434; x_wconf 86' lang='grc' dir='ltr'><strong><em>δ</em></strong></span> <span class='ocrx_word' id='word_1_91' title='bbox 244 1369 398 1453; x_wconf 79' lang='grc' dir='ltr'><strong><em>βασιλεδς</em></strong></span> <span class='ocrx_word' id='word_1_92' title='bbox 416 1375 518 1454; x_wconf 77' lang='grc' dir='ltr'><strong><em>τιμῶν</em></strong></span> <span class='ocrx_word' id='word_1_93' title='bbox 540 1368 597 1436; x_wconf 77' lang='lat' dir='ltr'>osias</span> <span class='ocrx_word' id='word_1_94' title='bbox 628 1370 736 1457; x_wconf 73' lang='grc' dir='ltr'><strong><em>ἔληγεν</em></strong></span> <span class='ocrx_word' id='word_1_95' title='bbox 742 1424 754 1453; x_wconf 89' lang='grc'><strong><em>,</em></strong></span> <span class='ocrx_word' id='word_1_96' title='bbox 794 1372 862 1437; x_wconf 76' lang='grc' dir='ltr'>ἀλλ’</span> <span class='ocrx_word' id='word_1_97' title='bbox 889 1372 1122 1457; x_wconf 62' lang='grc' dir='ltr'><strong><em>ὁμοτραπέζους</em></strong></span> <span class='ocrx_word' id='word_1_98' title='bbox 1154 1371 1222 1459; x_wconf 78' lang='grc' dir='ltr'><strong><em>εἶχε</em></strong></span> 
     </span>
     <span class='ocr_line' id='line_1_12' title="bbox 125 1466 1239 1560; baseline 0.004 -27"><span class='ocrx_word' id='word_1_99' title='bbox 125 1473 184 1535; x_wconf 78' lang='grc' dir='ltr'>καὶ</span> <span class='ocrx_word' id='word_1_100' title='bbox 205 1466 416 1555; x_wconf 77' lang='grc' dir='ltr'><strong><em>δμοωιῆνους,</em></strong></span> <span class='ocrx_word' id='word_1_101' title='bbox 439 1472 496 1537; x_wconf 78' lang='grc' dir='ltr'>καί</span> <span class='ocrx_word' id='word_1_102' title='bbox 514 1469 594 1537; x_wconf 84' lang='grc' dir='ltr'><strong><em>πολδ</em></strong></span> <span class='ocrx_word' id='word_1_103' title='bbox 616 1471 651 1535; x_wconf 85' lang='grc' dir='ltr'>τὸ</span> <span class='ocrx_word' id='word_1_104' title='bbox 674 1470 854 1560; x_wconf 79' lang='grc' dir='ltr'><strong><em>φιλόδωρον</em></strong></span> <span class='ocrx_word' id='word_1_105' title='bbox 873 1475 908 1549; x_wconf 76' lang='grc' dir='ltr'>ἐς</span> <span class='ocrx_word' id='word_1_106' title='bbox 928 1468 1046 1551; x_wconf 84' lang='grc' dir='ltr'><strong><em>αδτοδς</em></strong></span> <span class='ocrx_word' id='word_1_107' title='bbox 1066 1467 1123 1559; x_wconf 80' lang='grc' dir='ltr'><strong><em>ἧν·</em></strong></span> <span class='ocrx_word' id='word_1_108' title='bbox 1165 1473 1239 1552; x_wconf 37' lang='lat' dir='ltr'>cai-1</span> 
     </span>
     <span class='ocr_line' id='line_1_13' title="bbox 126 1568 1219 1660; baseline 0.004 -25"><span class='ocrx_word' id='word_1_109' title='bbox 126 1572 238 1651; x_wconf 81' lang='grc' dir='ltr'>δαμοῦ</span> <span class='ocrx_word' id='word_1_110' title='bbox 256 1568 319 1655; x_wconf 77' lang='grc' dir='ltr'>γάρ</span> <span class='ocrx_word' id='word_1_111' title='bbox 342 1571 508 1658; x_wconf 78' lang='grc' dir='ltr'><strong><em>δξεφέρετο</em></strong></span> <span class='ocrx_word' id='word_1_112' title='bbox 529 1574 585 1637; x_wconf 85' lang='grc' dir='ltr'><strong><em>καί</em></strong></span> <span class='ocrx_word' id='word_1_113' title='bbox 602 1568 858 1659; x_wconf 67' lang='grc' dir='ltr'><strong><em>παράγυμνοῦντο</em></strong></span> <span class='ocrx_word' id='word_1_114' title='bbox 878 1570 918 1639; x_wconf 87' lang='grc' dir='ltr'>τά</span> <span class='ocrx_word' id='word_1_115' title='bbox 939 1574 996 1658; x_wconf 79' lang='grc' dir='ltr'>τῆς</span> <span class='ocrx_word' id='word_1_116' title='bbox 1017 1574 1219 1660; x_wconf 86' lang='grc' dir='ltr'><strong><em>φιλονεικίας.</em></strong></span> 
     </span>
     <span class='ocr_line' id='line_1_14' title="bbox 123 1664 1231 1759; baseline 0.002 -24"><span class='ocrx_word' id='word_1_117' title='bbox 123 1664 168 1755; x_wconf 77' lang='grc' dir='ltr'><strong><em>ἦν</em></strong></span> <span class='ocrx_word' id='word_1_118' title='bbox 189 1672 228 1735; x_wconf 80' lang='grc' dir='ltr'>δὲ</span> <span class='ocrx_word' id='word_1_119' title='bbox 247 1668 375 1755; x_wconf 80' lang='grc' dir='ltr'><strong><em>ἦγεμάν</em></strong></span> <span class='ocrx_word' id='word_1_120' title='bbox 393 1674 452 1755; x_wconf 83' lang='grc' dir='ltr'>τῆς</span> <span class='ocrx_word' id='word_1_121' title='bbox 479 1674 540 1753; x_wconf 78' lang='grc' dir='ltr'><strong><em>μὲν</em></strong></span> <span class='ocrx_word' id='word_1_122' title='bbox 561 1674 732 1759; x_wconf 75' lang='grc' dir='ltr'><strong><em>θεοφιλοῦς</em></strong></span> <span class='ocrx_word' id='word_1_123' title='bbox 759 1672 815 1737; x_wconf 79' lang='grc' dir='ltr'>καί</span> <span class='ocrx_word' id='word_1_124' title='bbox 833 1675 925 1749; x_wconf 72' lang='grc' dir='ltr'><strong><em>θείας</em></strong></span> <span class='ocrx_word' id='word_1_125' title='bbox 941 1676 1072 1759; x_wconf 76' lang='grc' dir='ltr'><strong><em>μερίδος</em></strong></span> <span class='ocrx_word' id='word_1_126' title='bbox 1093 1670 1231 1758; x_wconf 65' lang='grc' dir='ltr'><strong><em>Φράβιη</em></strong></span> 
     </span>
     <span class='ocr_line' id='line_1_15' title="bbox 124 1767 1220 1857; baseline 0.005 -25"><span class='ocrx_word' id='word_1_127' title='bbox 124 1774 195 1851; x_wconf 73' lang='grc' dir='ltr'><strong><em>θος,</em></strong></span> <span class='ocrx_word' id='word_1_128' title='bbox 223 1767 306 1855; x_wconf 76' lang='grc' dir='ltr'><strong><em>οἷνῆρ</em></strong></span> <span class='ocrx_word' id='word_1_129' title='bbox 326 1772 395 1845; x_wconf 81' lang='grc' dir='ltr'><strong><em>νδος</em></strong></span> <span class='ocrx_word' id='word_1_130' title='bbox 414 1772 474 1853; x_wconf 78' lang='grc' dir='ltr'><strong><em>μὲν</em></strong></span> <span class='ocrx_word' id='word_1_131' title='bbox 492 1769 572 1837; x_wconf 85' lang='grc' dir='ltr'><strong><em>κατά</em></strong></span> <span class='ocrx_word' id='word_1_132' title='bbox 595 1769 654 1856; x_wconf 72' lang='grc' dir='ltr'><strong><em>τήν</em></strong></span> <span class='ocrx_word' id='word_1_133' title='bbox 673 1772 810 1855; x_wconf 80' lang='grc' dir='ltr'><strong><em>ἡλικίαν,</em></strong></span> <span class='ocrx_word' id='word_1_134' title='bbox 830 1769 964 1855; x_wconf 73' lang='grc' dir='ltr'><strong><em>γεγονώς</em></strong></span> <span class='ocrx_word' id='word_1_135' title='bbox 984 1774 1021 1837; x_wconf 75' lang='grc' dir='ltr'>δὲ</span> <span class='ocrx_word' id='word_1_136' title='bbox 1042 1769 1220 1857; x_wconf 67' lang='lat' dir='ltr'>sisciensis</span> 
     </span>
    </p>

    <p class='ocr_par' dir='ltr' id='par_1_6' title="bbox 89 1864 1363 2256">
     <span class='ocr_line' id='line_1_16' title="bbox 89 1864 1296 1957; baseline 0.002 -26"><span class='ocrx_word' id='word_1_137' title='bbox 89 1869 184 1935; x_wconf 84' lang='grc' dir='ltr'><strong><em>ι5και“</em></strong></span> <span class='ocrx_word' id='word_1_138' title='bbox 204 1865 361 1954; x_wconf 72' lang='grc' dir='ltr'><strong><em>ἀλήθειαν</em></strong></span> <span class='ocrx_word' id='word_1_139' title='bbox 380 1864 526 1935; x_wconf 83' lang='grc' dir='ltr'><strong><em>άπάνιων</em></strong></span> <span class='ocrx_word' id='word_1_140' title='bbox 545 1868 723 1957; x_wconf 68' lang='grc' dir='ltr'><strong><em>ἀνθρώπων</em></strong></span> <span class='ocrx_word' id='word_1_141' title='bbox 741 1867 912 1945; x_wconf 79' lang='grc' dir='ltr'><strong><em>κάλλιστος.</em></strong></span> <span class='ocrx_word' id='word_1_142' title='bbox 932 1870 1030 1946; x_wconf 54' lang='lat' dir='ltr'>esau</span> <span class='ocrx_word' id='word_1_143' title='bbox 1050 1868 1155 1953; x_wconf 79' lang='grc' dir='ltr'><strong><em>τεγάρ</em></strong></span> <span class='ocrx_word' id='word_1_144' title='bbox 1176 1866 1296 1949; x_wconf 61' lang='lat' dir='ltr'>ssi-R„</span> 
     </span>
     <span class='ocr_line' id='line_1_17' title="bbox 124 1965 1219 2055; baseline 0 -22"><span class='ocrx_word' id='word_1_145' title='bbox 124 1966 258 2051; x_wconf 83' lang='grc' dir='ltr'><strong><em>μολδγει</em></strong></span> <span class='ocrx_word' id='word_1_146' title='bbox 286 1967 477 2053; x_wconf 77' lang='grc' dir='ltr'><strong><em>θεραπεύειν</em></strong></span> <span class='ocrx_word' id='word_1_147' title='bbox 503 1965 585 2033; x_wconf 84' lang='grc' dir='ltr'><strong><em>κατὰ</em></strong></span> <span class='ocrx_word' id='word_1_148' title='bbox 611 1965 666 2033; x_wconf 86' lang='grc' dir='ltr'><strong><em>τδν</em></strong></span> <span class='ocrx_word' id='word_1_149' title='bbox 685 1968 822 2055; x_wconf 79' lang='grc' dir='ltr'><strong><em>οἷρχαϊον</em></strong></span> <span class='ocrx_word' id='word_1_150' title='bbox 840 1968 975 2054; x_wconf 81' lang='grc' dir='ltr'><strong><em>τρόπω,</em></strong></span> <span class='ocrx_word' id='word_1_151' title='bbox 994 1968 1050 2032; x_wconf 81' lang='grc' dir='ltr'>καὶ</span> <span class='ocrx_word' id='word_1_152' title='bbox 1067 1969 1219 2049; x_wconf 71' lang='grc' dir='ltr'><strong><em>οὐδεμίαν</em></strong></span> 
     </span>
     <span class='ocr_line' id='line_1_18' title="bbox 121 2064 1363 2154; baseline 0.003 -22"><span class='ocrx_word' id='word_1_153' title='bbox 121 2065 579 2154; x_wconf 54' lang='lat' dir='ltr'>impraetermissam</span> <span class='ocrx_word' id='word_1_154' title='bbox 600 2066 657 2133; x_wconf 78' lang='grc' dir='ltr'>καί</span> <span class='ocrx_word' id='word_1_155' title='bbox 676 2064 895 2154; x_wconf 79' lang='grc' dir='ltr'><strong><em>διανράτησιν,</em></strong></span> <span class='ocrx_word' id='word_1_156' title='bbox 916 2067 998 2133; x_wconf 75' lang='grc' dir='ltr'><strong><em>ἄλλο’</em></strong></span> <span class='ocrx_word' id='word_1_157' title='bbox 1022 2068 1147 2151; x_wconf 72' lang='grc' dir='ltr'><strong><em>γυμνὴν</em></strong></span> <span class='ocrx_word' id='word_1_158' title='bbox 1164 2069 1221 2135; x_wconf 72' lang='grc' dir='ltr'>καὶ</span> <span class='ocrx_word' id='word_1_159' title='bbox 1354 2092 1363 2121; x_wconf 79' lang='lat'><strong><em>¹</em></strong></span> 
     </span>
     <span class='ocr_line' id='line_1_19' title="bbox 122 2163 1319 2256; baseline 0 -25"><span class='ocrx_word' id='word_1_160' title='bbox 122 2163 277 2252; x_wconf 72' lang='grc' dir='ltr'><strong><em>καθαράν</em></strong></span> <span class='ocrx_word' id='word_1_161' title='bbox 298 2168 444 2255; x_wconf 75' lang='grc' dir='ltr'><strong><em>διέφαινε</em></strong></span> <span class='ocrx_word' id='word_1_162' title='bbox 471 2166 531 2254; x_wconf 69' lang='grc' dir='ltr'><strong><em>τὴν</em></strong></span> <span class='ocrx_word' id='word_1_163' title='bbox 557 2166 670 2256; x_wconf 72' lang='grc' dir='ltr'><strong><em>ψυχήν</em></strong></span> <span class='ocrx_word' id='word_1_164' title='bbox 689 2167 841 2256; x_wconf 70' lang='grc' dir='ltr'><strong><em>περὶτοῦ</em></strong></span> <span class='ocrx_word' id='word_1_165' title='bbox 858 2170 955 2253; x_wconf 77' lang='grc' dir='ltr'><strong><em>βίον,</em></strong></span> <span class='ocrx_word' id='word_1_166' title='bbox 989 2166 1110 2255; x_wconf 79' lang='grc' dir='ltr'><strong><em>ἕχδρδν</em></strong></span> <span class='ocrx_word' id='word_1_167' title='bbox 1140 2166 1219 2234; x_wconf 73' lang='grc' dir='ltr'><strong><em>ὑπο-</em></strong></span> <span class='ocrx_word' id='word_1_168' title='bbox 1309 2168 1319 2185; x_wconf 66' lang='grc'><em>“</em></span> 
     </span>
    </p>
   </div>
   <div class='ocr_carea' id='block_1_3' title="bbox 86 2264 1214 2761">
    <p class='ocr_par' dir='ltr' id='par_1_7' title="bbox 86 2264 1214 2761">
     <span class='ocr_line' id='line_1_20' title="bbox 122 2264 297 2351; baseline 0 -17"><span class='ocrx_word' id='word_1_169' title='bbox 122 2264 297 2351; x_wconf 63' lang='grc' dir='ltr'><strong><em>λαμβάνων</em></strong></span> 
     </span>
     <span class='ocr_line' id='line_1_21' title="bbox 86 2369 1133 2457; baseline 0.005 -26"><span class='ocrx_word' id='word_1_170' title='bbox 86 2384 122 2431; x_wconf 79' lang='lat' dir='ltr'>so</span> <span class='ocrx_word' id='word_1_171' title='bbox 611 2400 615 2407; x_wconf 95' lang='lat'>·</span> <span class='ocrx_word' id='word_1_172' title='bbox 717 2369 830 2454; x_wconf 66' lang='lat' dir='ltr'>„ipsuis</span> <span class='ocrx_word' id='word_1_173' title='bbox 859 2371 970 2438; x_wconf 73' lang='grc' dir='ltr'><strong><em>Ἀίδαο</em></strong></span> <span class='ocrx_word' id='word_1_174' title='bbox 997 2369 1133 2457; x_wconf 74' lang='grc' dir='ltr'><strong><em>πύλῃσιν</em></strong></span> 
     </span>
     <span class='ocr_line' id='line_1_22' title="bbox 208 2461 1181 2561; baseline -0.002 -28"><span class='ocrx_word' id='word_1_175' title='bbox 208 2461 245 2544; x_wconf 82' lang='grc' dir='ltr'>ὅς</span> <span class='ocrx_word' id='word_1_176' title='bbox 270 2470 303 2553; x_wconf 78' lang='grc' dir='ltr'>χ’</span> <span class='ocrx_word' id='word_1_177' title='bbox 336 2472 444 2555; x_wconf 72' lang='grc' dir='ltr'><strong><em>ἕτερον</em></strong></span> <span class='ocrx_word' id='word_1_178' title='bbox 461 2474 522 2553; x_wconf 81' lang='grc' dir='ltr'><strong><em>μὲν</em></strong></span> <span class='ocrx_word' id='word_1_179' title='bbox 553 2472 651 2561; x_wconf 56' lang='lat' dir='ltr'>sedin</span> <span class='ocrx_word' id='word_1_180' title='bbox 685 2474 738 2537; x_wconf 71' lang='lat' dir='ltr'>sat</span> <span class='ocrx_word' id='word_1_181' title='bbox 756 2472 887 2560; x_wconf 77' lang='grc' dir='ltr'><strong><em>φρεσὶν,</em></strong></span> <span class='ocrx_word' id='word_1_182' title='bbox 919 2462 996 2534; x_wconf 74' lang='grc' dir='ltr'><strong><em>ἄλλο</em></strong></span> <span class='ocrx_word' id='word_1_183' title='bbox 1021 2470 1057 2534; x_wconf 77' lang='grc' dir='ltr'>δὲ</span> <span class='ocrx_word' id='word_1_184' title='bbox 1080 2466 1181 2556; x_wconf 56' lang='lat' dir='ltr'>einp?</span> 
     </span>
     <span class='ocr_line' id='line_1_23' title="bbox 121 2560 1214 2658; baseline 0.002 -26"><span class='ocrx_word' id='word_1_185' title='bbox 121 2574 258 2651; x_wconf 72' lang='grc' dir='ltr'><strong><em>γυναῖκα</em></strong></span> <span class='ocrx_word' id='word_1_186' title='bbox 280 2560 339 2634; x_wconf 75' lang='lat' dir='ltr'>esis</span> <span class='ocrx_word' id='word_1_187' title='bbox 357 2561 454 2657; x_wconf 80' lang='grc' dir='ltr'><strong><em>ᾔτησε</em></strong></span> <span class='ocrx_word' id='word_1_188' title='bbox 479 2566 642 2653; x_wconf 71' lang='lat' dir='ltr'>‘Paruulus</span> <span class='ocrx_word' id='word_1_189' title='bbox 665 2564 786 2653; x_wconf 74' lang='grc' dir='ltr'><strong><em>εὖδδς,</em></strong></span> <span class='ocrx_word' id='word_1_190' title='bbox 824 2570 876 2636; x_wconf 80' lang='grc' dir='ltr'><strong><em>ἳνα</em></strong></span> <span class='ocrx_word' id='word_1_191' title='bbox 895 2570 996 2655; x_wconf 72' lang='grc' dir='ltr'><strong><em>μηδὲν</em></strong></span> <span class='ocrx_word' id='word_1_192' title='bbox 1022 2564 1138 2658; x_wconf 75' lang='grc' dir='ltr'><strong><em>δβρίζφ</em></strong></span> <span class='ocrx_word' id='word_1_193' title='bbox 1158 2567 1214 2634; x_wconf 87' lang='grc' dir='ltr'>διά</span> 
     </span>
     <span class='ocr_line' id='line_1_24' title="bbox 196 2676 1201 2761; baseline 0.001 -20"><span class='ocrx_word' id='word_1_194' title='bbox 196 2704 236 2757; x_wconf 81' lang='lat'>¹7·</span> <span class='ocrx_word' id='word_1_195' title='bbox 254 2684 441 2761; x_wconf 64' lang='lat' dir='ltr'>decepissem</span> <span class='ocrx_word' id='word_1_196' title='bbox 458 2692 528 2745; x_wconf 87' lang='lat' dir='ltr'>coni.</span> <span class='ocrx_word' id='word_1_197' title='bbox 548 2691 590 2747; x_wconf 84' lang='lat' dir='ltr'>Cl.</span> <span class='ocrx_word' id='word_1_198' title='bbox 694 2709 734 2745; x_wconf 83' lang='lat' dir='ltr'>ar·</span> <span class='ocrx_word' id='word_1_199' title='bbox 755 2689 855 2743; x_wconf 72' lang='grc' dir='ltr'><strong><em>κεύθει</em></strong></span> <span class='ocrx_word' id='word_1_200' title='bbox 870 2691 940 2761; x_wconf 78' lang='lat' dir='ltr'>vulg.</span> <span class='ocrx_word' id='word_1_201' title='bbox 1197 2676 1201 2683; x_wconf 44' lang='lat'>¹</span> 
     </span>
    </p>
   </div>
   <div class='ocr_carea' id='block_1_4' title="bbox 111 2790 1261 4273">
    <p class='ocr_par' dir='ltr' id='par_1_8' title="bbox 111 2790 1261 4273">
     <span class='ocr_line' id='line_1_25' title="bbox 124 2790 1215 2863; baseline 0 -20"><span class='ocrx_word' id='word_1_202' title='bbox 124 2796 208 2854; x_wconf 82' lang='lat' dir='ltr'>runt,</span> <span class='ocrx_word' id='word_1_203' title='bbox 239 2808 325 2863; x_wconf 82' lang='lat' dir='ltr'>quum</span> <span class='ocrx_word' id='word_1_204' title='bbox 350 2792 400 2844; x_wconf 88' lang='lat' dir='ltr'>alii</span> <span class='ocrx_word' id='word_1_205' title='bbox 429 2790 621 2857; x_wconf 66' lang='lat' dir='ltr'>hortarentur,</span> <span class='ocrx_word' id='word_1_206' title='bbox 651 2800 684 2845; x_wconf 91' lang='lat' dir='ltr'>ut</span> <span class='ocrx_word' id='word_1_207' title='bbox 707 2794 831 2847; x_wconf 88' lang='lat' dir='ltr'>contenti</span> <span class='ocrx_word' id='word_1_208' title='bbox 849 2790 1004 2860; x_wconf 86' lang='lat' dir='ltr'>praesenti</span> <span class='ocrx_word' id='word_1_209' title='bbox 1032 2790 1215 2860; x_wconf 67' lang='lat' dir='ltr'>prosperitate</span> 
     </span>
     <span class='ocr_line' id='line_1_26' title="bbox 123 2862 1215 2934; baseline -0.001 -22"><span class='ocrx_word' id='word_1_210' title='bbox 123 2862 299 2927; x_wconf 78' lang='lat' dir='ltr'>fruerentur,</span> <span class='ocrx_word' id='word_1_211' title='bbox 323 2862 375 2914; x_wconf 88' lang='lat' dir='ltr'>alii</span> <span class='ocrx_word' id='word_1_212' title='bbox 387 2868 418 2917; x_wconf 86' lang='lat' dir='ltr'>ut</span> <span class='ocrx_word' id='word_1_213' title='bbox 428 2862 626 2929; x_wconf 83' lang='lat' dir='ltr'>iusiurandum,</span> <span class='ocrx_word' id='word_1_214' title='bbox 644 2865 720 2934; x_wconf 89' lang='lat' dir='ltr'>quod</span> <span class='ocrx_word' id='word_1_215' title='bbox 742 2863 818 2916; x_wconf 91' lang='lat' dir='ltr'>domi</span> <span class='ocrx_word' id='word_1_216' title='bbox 832 2864 1043 2933; x_wconf 77' lang='lat' dir='ltr'>praestiterant,</span> <span class='ocrx_word' id='word_1_217' title='bbox 1067 2870 1215 2924; x_wconf 81' lang='lat' dir='ltr'>servarent,</span> 
     </span>
     <span class='ocr_line' id='line_1_27' title="bbox 121 2930 1217 3004; baseline -0.003 -19"><span class='ocrx_word' id='word_1_218' title='bbox 121 2948 215 3003; x_wconf 83' lang='lat' dir='ltr'>neque</span> <span class='ocrx_word' id='word_1_219' title='bbox 244 2939 325 3002; x_wconf 87' lang='lat' dir='ltr'>pacta</span> <span class='ocrx_word' id='word_1_220' title='bbox 354 2931 509 3001; x_wconf 75' lang='lat' dir='ltr'>migrarent</span> <span class='ocrx_word' id='word_1_221' title='bbox 546 2934 596 2988; x_wconf 88' lang='lat' dir='ltr'>llla</span> <span class='ocrx_word' id='word_1_222' title='bbox 623 2943 715 2987; x_wconf 89' lang='lat' dir='ltr'>autem</span> <span class='ocrx_word' id='word_1_223' title='bbox 744 2943 824 3004; x_wconf 87' lang='lat' dir='ltr'>pacta</span> <span class='ocrx_word' id='word_1_224' title='bbox 850 2940 927 2985; x_wconf 88' lang='lat' dir='ltr'>erant</span> <span class='ocrx_word' id='word_1_225' title='bbox 950 2930 1162 2993; x_wconf 86' lang='lat' dir='ltr'>immanissima,</span> <span class='ocrx_word' id='word_1_226' title='bbox 1187 2938 1217 2982; x_wconf 87' lang='lat' dir='ltr'>et</span> 
     </span>
     <span class='ocr_line' id='line_1_28' title="bbox 120 3001 1215 3072; baseline -0.003 -17"><span class='ocrx_word' id='word_1_227' title='bbox 120 3002 288 3055; x_wconf 83' lang='lat' dir='ltr'>crudelitate</span> <span class='ocrx_word' id='word_1_228' title='bbox 311 3004 401 3072; x_wconf 88' lang='lat' dir='ltr'>ipsum</span> <span class='ocrx_word' id='word_1_229' title='bbox 422 3001 600 3057; x_wconf 87' lang='lat' dir='ltr'>barbarorum</span> <span class='ocrx_word' id='word_1_230' title='bbox 621 3020 725 3056; x_wconf 87' lang='lat' dir='ltr'>morem</span> <span class='ocrx_word' id='word_1_231' title='bbox 748 3002 933 3057; x_wconf 82' lang='lat' dir='ltr'>excedebant:</span> <span class='ocrx_word' id='word_1_232' title='bbox 960 3010 992 3053; x_wconf 91' lang='lat' dir='ltr'>ut</span> <span class='ocrx_word' id='word_1_233' title='bbox 1012 3002 1086 3053; x_wconf 87' lang='lat' dir='ltr'>omni</span> <span class='ocrx_word' id='word_1_234' title='bbox 1106 3002 1215 3052; x_wconf 85' lang='lat' dir='ltr'>ratione</span> 
     </span>
     <span class='ocr_line' id='line_1_29' title="bbox 121 3072 1214 3141; baseline -0.002 -18"><span class='ocrx_word' id='word_1_235' title='bbox 121 3072 253 3127; x_wconf 79' lang='lat' dir='ltr'>Romanis</span> <span class='ocrx_word' id='word_1_236' title='bbox 266 3072 382 3126; x_wconf 77' lang='lat' dir='ltr'>insidias</span> <span class='ocrx_word' id='word_1_237' title='bbox 394 3075 539 3129; x_wconf 73' lang='lat' dir='ltr'>tenderent</span> <span class='ocrx_word' id='word_1_238' title='bbox 556 3083 585 3126; x_wconf 90' lang='lat' dir='ltr'>et</span> <span class='ocrx_word' id='word_1_239' title='bbox 598 3077 672 3128; x_wconf 87' lang='lat' dir='ltr'>omni</span> <span class='ocrx_word' id='word_1_240' title='bbox 693 3083 752 3127; x_wconf 88' lang='lat' dir='ltr'>arte</span> <span class='ocrx_word' id='word_1_241' title='bbox 771 3081 800 3127; x_wconf 90' lang='lat' dir='ltr'>et</span> <span class='ocrx_word' id='word_1_242' title='bbox 809 3072 904 3127; x_wconf 85' lang='lat' dir='ltr'>iraude</span> <span class='ocrx_word' id='word_1_243' title='bbox 921 3074 995 3136; x_wconf 92' lang='lat' dir='ltr'>illos,</span> <span class='ocrx_word' id='word_1_244' title='bbox 1008 3086 1126 3141; x_wconf 91' lang='lat' dir='ltr'>quorum</span> <span class='ocrx_word' id='word_1_245' title='bbox 1139 3086 1214 3122; x_wconf 89' lang='lat' dir='ltr'>sum-</span> 
     </span>
     <span class='ocr_line' id='line_1_30' title="bbox 119 3143 1261 3215; baseline -0.005 -18"><span class='ocrx_word' id='word_1_246' title='bbox 119 3162 165 3197; x_wconf 85' lang='lat' dir='ltr'>ma</span> <span class='ocrx_word' id='word_1_247' title='bbox 185 3144 216 3197; x_wconf 89' lang='lat' dir='ltr'>in</span> <span class='ocrx_word' id='word_1_248' title='bbox 241 3160 288 3195; x_wconf 87' lang='lat' dir='ltr'>eos</span> <span class='ocrx_word' id='word_1_249' title='bbox 309 3144 473 3198; x_wconf 72' lang='lat' dir='ltr'>constabant</span> <span class='ocrx_word' id='word_1_250' title='bbox 492 3145 605 3208; x_wconf 86' lang='lat' dir='ltr'>merita,</span> <span class='ocrx_word' id='word_1_251' title='bbox 626 3144 837 3215; x_wconf 75' lang='lat' dir='ltr'>aggrederentur</span> <span class='ocrx_word' id='word_1_252' title='bbox 855 3154 884 3196; x_wconf 90' lang='lat' dir='ltr'>et</span> <span class='ocrx_word' id='word_1_253' title='bbox 902 3143 1143 3203; x_wconf 79' lang='lat' dir='ltr'>circumvenirent,</span> <span class='ocrx_word' id='word_1_254' title='bbox 1164 3156 1215 3191; x_wconf 90' lang='lat' dir='ltr'>ne·</span> <span class='ocrx_word' id='word_1_255' title='bbox 1255 3187 1261 3201; x_wconf 85' lang='grc'><em>,</em></span> 
     </span>
     <span class='ocr_line' id='line_1_31' title="bbox 120 3207 1214 3285; baseline -0.007 -18"><span class='ocrx_word' id='word_1_256' title='bbox 120 3232 178 3285; x_wconf 89' lang='lat' dir='ltr'>que</span> <span class='ocrx_word' id='word_1_257' title='bbox 201 3216 390 3285; x_wconf 74' lang='lat' dir='ltr'>quiescerent,</span> <span class='ocrx_word' id='word_1_258' title='bbox 417 3215 506 3267; x_wconf 85' lang='lat' dir='ltr'>donec</span> <span class='ocrx_word' id='word_1_259' title='bbox 522 3218 594 3268; x_wconf 89' lang='lat' dir='ltr'>omni</span> <span class='ocrx_word' id='word_1_260' title='bbox 614 3216 725 3268; x_wconf 89' lang='lat' dir='ltr'>illorum</span> <span class='ocrx_word' id='word_1_261' title='bbox 741 3216 852 3283; x_wconf 82' lang='lat' dir='ltr'>regione</span> <span class='ocrx_word' id='word_1_262' title='bbox 865 3215 948 3285; x_wconf 90' lang='lat' dir='ltr'>potiti</span> <span class='ocrx_word' id='word_1_263' title='bbox 971 3220 1071 3267; x_wconf 76' lang='lat' dir='ltr'>essent.</span> <span class='ocrx_word' id='word_1_264' title='bbox 1106 3212 1148 3263; x_wconf 80' lang='lat' dir='ltr'>lle</span> <span class='ocrx_word' id='word_1_265' title='bbox 1161 3207 1214 3260; x_wconf 87' lang='lat' dir='ltr'>boc</span> 
     </span>
     <span class='ocr_line' id='line_1_32' title="bbox 111 3277 1213 3354; baseline -0.005 -17"><span class='ocrx_word' id='word_1_266' title='bbox 111 3286 209 3354; x_wconf 55' lang='lat' dir='ltr'>*igitur</span> <span class='ocrx_word' id='word_1_267' title='bbox 228 3294 287 3337; x_wconf 84' lang='lat' dir='ltr'>erat</span> <span class='ocrx_word' id='word_1_268' title='bbox 304 3287 378 3337; x_wconf 88' lang='lat' dir='ltr'>inter</span> <span class='ocrx_word' id='word_1_269' title='bbox 401 3284 514 3353; x_wconf 83' lang='lat' dir='ltr'>Scythas</span> <span class='ocrx_word' id='word_1_270' title='bbox 533 3285 651 3350; x_wconf 89' lang='lat' dir='ltr'>seditio,</span> <span class='ocrx_word' id='word_1_271' title='bbox 676 3295 705 3339; x_wconf 85' lang='lat' dir='ltr'>ct</span> <span class='ocrx_word' id='word_1_272' title='bbox 730 3290 804 3341; x_wconf 90' lang='lat' dir='ltr'>inter</span> <span class='ocrx_word' id='word_1_273' title='bbox 825 3301 855 3336; x_wconf 87' lang='lat' dir='ltr'>se</span> <span class='ocrx_word' id='word_1_274' title='bbox 881 3283 1064 3344; x_wconf 87' lang='lat' dir='ltr'>dissidentes,</span> <span class='ocrx_word' id='word_1_275' title='bbox 1094 3283 1125 3335; x_wconf 86' lang='lat' dir='ltr'>in</span> <span class='ocrx_word' id='word_1_276' title='bbox 1146 3277 1213 3332; x_wconf 86' lang='lat' dir='ltr'>duas</span> 
     </span>
     <span class='ocr_line' id='line_1_33' title="bbox 120 3352 1214 3423; baseline -0.005 -16"><span class='ocrx_word' id='word_1_277' title='bbox 120 3356 271 3407; x_wconf 86' lang='lat' dir='ltr'>contrarias</span> <span class='ocrx_word' id='word_1_278' title='bbox 283 3364 373 3423; x_wconf 84' lang='lat' dir='ltr'>partes</span> <span class='ocrx_word' id='word_1_279' title='bbox 387 3356 438 3407; x_wconf 81' lang='lat' dir='ltr'>tasi</span> <span class='ocrx_word' id='word_1_280' title='bbox 447 3364 518 3410; x_wconf 82' lang='lat' dir='ltr'>sunt</span> <span class='ocrx_word' id='word_1_281' title='bbox 538 3356 593 3407; x_wconf 78' lang='lat' dir='ltr'>Alii</span> <span class='ocrx_word' id='word_1_282' title='bbox 608 3357 637 3406; x_wconf 91' lang='lat' dir='ltr'>in</span> <span class='ocrx_word' id='word_1_283' title='bbox 649 3355 824 3418; x_wconf 87' lang='lat' dir='ltr'>deteriorem,</span> <span class='ocrx_word' id='word_1_284' title='bbox 848 3356 897 3407; x_wconf 90' lang='lat' dir='ltr'>alii</span> <span class='ocrx_word' id='word_1_285' title='bbox 910 3356 940 3407; x_wconf 87' lang='lat' dir='ltr'>iu</span> <span class='ocrx_word' id='word_1_286' title='bbox 950 3352 1139 3420; x_wconf 79' lang='lat' dir='ltr'>benigniorem</span> <span class='ocrx_word' id='word_1_287' title='bbox 1148 3368 1214 3405; x_wconf 87' lang='lat' dir='ltr'>sen-</span> 
     </span>
     <span class='ocr_line' id='line_1_34' title="bbox 120 3422 1212 3496; baseline -0.002 -19"><span class='ocrx_word' id='word_1_288' title='bbox 120 3428 241 3477; x_wconf 83' lang='lat' dir='ltr'>tentiam</span> <span class='ocrx_word' id='word_1_289' title='bbox 256 3425 417 3494; x_wconf 80' lang='lat' dir='ltr'>vergebant,</span> <span class='ocrx_word' id='word_1_290' title='bbox 439 3433 501 3477; x_wconf 90' lang='lat' dir='ltr'>utra</span> <span class='ocrx_word' id='word_1_291' title='bbox 523 3442 556 3477; x_wconf 90' lang='lat' dir='ltr'>ue</span> <span class='ocrx_word' id='word_1_292' title='bbox 571 3436 662 3479; x_wconf 87' lang='lat' dir='ltr'>tamen</span> <span class='ocrx_word' id='word_1_293' title='bbox 678 3444 739 3496; x_wconf 87' lang='lat' dir='ltr'>pars</span> <span class='ocrx_word' id='word_1_294' title='bbox 761 3426 905 3481; x_wconf 87' lang='lat' dir='ltr'>seditionis</span> <span class='ocrx_word' id='word_1_295' title='bbox 924 3439 1030 3475; x_wconf 88' lang='lat' dir='ltr'>causam</span> <span class='ocrx_word' id='word_1_296' title='bbox 1049 3422 1212 3475; x_wconf 85' lang='lat' dir='ltr'>occultabat.</span> 
     </span>
     <span class='ocr_line' id='line_1_35' title="bbox 118 3444 1213 3563; baseline -0.005 -14"><span class='ocrx_word' id='word_1_297' title='bbox 118 3495 311 3549; x_wconf 85' lang='lat' dir='ltr'>Nihilominus</span> <span class='ocrx_word' id='word_1_298' title='bbox 325 3497 474 3563; x_wconf 85' lang='lat' dir='ltr'>Imperator</span> <span class='ocrx_word' id='word_1_299' title='bbox 494 3444 556 3549; x_wconf 70' lang='lat' dir='ltr'>idos</span> <span class='ocrx_word' id='word_1_300' title='bbox 569 3494 719 3549; x_wconf 84' lang='lat' dir='ltr'>honoribus</span> <span class='ocrx_word' id='word_1_301' title='bbox 741 3513 838 3549; x_wconf 88' lang='lat' dir='ltr'>ornare</span> <span class='ocrx_word' id='word_1_302' title='bbox 851 3513 907 3548; x_wconf 92' lang='lat' dir='ltr'>non</span> <span class='ocrx_word' id='word_1_303' title='bbox 924 3492 1090 3557; x_wconf 76' lang='lat' dir='ltr'>desistebat,</span> <span class='ocrx_word' id='word_1_304' title='bbox 1111 3501 1139 3546; x_wconf 89' lang='lat' dir='ltr'>et</span> <span class='ocrx_word' id='word_1_305' title='bbox 1152 3510 1213 3543; x_wconf 90' lang='lat' dir='ltr'>mo-</span> 
     </span>
     <span class='ocr_line' id='line_1_36' title="bbox 117 3563 1212 3638; baseline -0.005 -19"><span class='ocrx_word' id='word_1_306' title='bbox 117 3566 157 3621; x_wconf 86' lang='lat' dir='ltr'>do</span> <span class='ocrx_word' id='word_1_307' title='bbox 181 3584 246 3620; x_wconf 89' lang='lat' dir='ltr'>suae</span> <span class='ocrx_word' id='word_1_308' title='bbox 269 3584 378 3621; x_wconf 88' lang='lat' dir='ltr'>mensae</span> <span class='ocrx_word' id='word_1_309' title='bbox 395 3568 559 3638; x_wconf 85' lang='lat' dir='ltr'>participes,</span> <span class='ocrx_word' id='word_1_310' title='bbox 585 3566 665 3619; x_wconf 89' lang='lat' dir='ltr'>modo</span> <span class='ocrx_word' id='word_1_311' title='bbox 687 3568 739 3621; x_wconf 91' lang='lat' dir='ltr'>sub</span> <span class='ocrx_word' id='word_1_312' title='bbox 756 3566 853 3619; x_wconf 87' lang='lat' dir='ltr'>eodem</span> <span class='ocrx_word' id='word_1_313' title='bbox 874 3566 995 3620; x_wconf 86' lang='lat' dir='ltr'>tentorio</span> <span class='ocrx_word' id='word_1_314' title='bbox 1015 3563 1143 3633; x_wconf 79' lang='lat' dir='ltr'>degentes</span> <span class='ocrx_word' id='word_1_315' title='bbox 1161 3564 1212 3615; x_wconf 88' lang='lat' dir='ltr'>ad-</span> 
     </span>
     <span class='ocr_line' id='line_1_37' title="bbox 116 3632 1212 3708; baseline -0.003 -18"><span class='ocrx_word' id='word_1_316' title='bbox 116 3638 253 3691; x_wconf 85' lang='lat' dir='ltr'>mittebat</span> <span class='ocrx_word' id='word_1_317' title='bbox 275 3646 303 3691; x_wconf 86' lang='lat' dir='ltr'>et</span> <span class='ocrx_word' id='word_1_318' title='bbox 321 3639 394 3689; x_wconf 82' lang='lat' dir='ltr'>omni</span> <span class='ocrx_word' id='word_1_319' title='bbox 414 3638 607 3691; x_wconf 86' lang='lat' dir='ltr'>benevolentia</span> <span class='ocrx_word' id='word_1_320' title='bbox 632 3654 677 3690; x_wconf 87' lang='lat' dir='ltr'>eos</span> <span class='ocrx_word' id='word_1_321' title='bbox 707 3634 934 3708; x_wconf 87' lang='lat' dir='ltr'>prosequebatur.</span> <span class='ocrx_word' id='word_1_322' title='bbox 969 3632 1109 3706; x_wconf 86' lang='lat' dir='ltr'>Nusquam</span> <span class='ocrx_word' id='word_1_323' title='bbox 1138 3635 1212 3687; x_wconf 87' lang='lat' dir='ltr'>enim</span> 
     </span>
     <span class='ocr_line' id='line_1_38' title="bbox 117 3706 1213 3778; baseline -0.005 -17"><span class='ocrx_word' id='word_1_324' title='bbox 117 3726 203 3778; x_wconf 80' lang='lat' dir='ltr'>prava</span> <span class='ocrx_word' id='word_1_325' title='bbox 219 3726 316 3762; x_wconf 87' lang='lat' dir='ltr'>eorum</span> <span class='ocrx_word' id='word_1_326' title='bbox 335 3710 451 3761; x_wconf 87' lang='lat' dir='ltr'>consilia</span> <span class='ocrx_word' id='word_1_327' title='bbox 472 3707 640 3777; x_wconf 85' lang='lat' dir='ltr'>apparebant</span> <span class='ocrx_word' id='word_1_328' title='bbox 661 3716 688 3761; x_wconf 90' lang='lat' dir='ltr'>et</span> <span class='ocrx_word' id='word_1_329' title='bbox 713 3706 920 3777; x_wconf 74' lang='lat' dir='ltr'>detegebantur.</span> <span class='ocrx_word' id='word_1_330' title='bbox 954 3706 1020 3759; x_wconf 83' lang='lat' dir='ltr'>Erat</span> <span class='ocrx_word' id='word_1_331' title='bbox 1039 3713 1130 3758; x_wconf 88' lang='lat' dir='ltr'>autern</span> <span class='ocrx_word' id='word_1_332' title='bbox 1146 3722 1213 3756; x_wconf 92' lang='lat' dir='ltr'>san-</span> 
     </span>
     <span class='ocr_line' id='line_1_39' title="bbox 117 3777 1213 3847; baseline -0.002 -16"><span class='ocrx_word' id='word_1_333' title='bbox 117 3782 216 3833; x_wconf 91' lang='lat' dir='ltr'>ctioris</span> <span class='ocrx_word' id='word_1_334' title='bbox 251 3787 283 3831; x_wconf 93' lang='lat' dir='ltr'>et</span> <span class='ocrx_word' id='word_1_335' title='bbox 299 3778 352 3831; x_wconf 86' lang='lat' dir='ltr'>Dei</span> <span class='ocrx_word' id='word_1_336' title='bbox 384 3796 462 3833; x_wconf 88' lang='lat' dir='ltr'>carae</span> <span class='ocrx_word' id='word_1_337' title='bbox 496 3780 582 3847; x_wconf 88' lang='lat' dir='ltr'>partis</span> <span class='ocrx_word' id='word_1_338' title='bbox 616 3777 671 3830; x_wconf 83' lang='lat' dir='ltr'>dux</span> <span class='ocrx_word' id='word_1_339' title='bbox 697 3780 838 3842; x_wconf 84' lang='lat' dir='ltr'>Fravitta,</span> <span class='ocrx_word' id='word_1_340' title='bbox 873 3782 962 3829; x_wconf 88' lang='lat' dir='ltr'>aetate</span> <span class='ocrx_word' id='word_1_341' title='bbox 989 3778 1101 3847; x_wconf 87' lang='lat' dir='ltr'>quidem</span> <span class='ocrx_word' id='word_1_342' title='bbox 1136 3778 1213 3829; x_wconf 84' lang='lat' dir='ltr'>iuve-</span> 
     </span>
     <span class='ocr_line' id='line_1_40' title="bbox 116 3847 1212 3919; baseline -0.005 -14"><span class='ocrx_word' id='word_1_343' title='bbox 116 3852 174 3915; x_wconf 80' lang='lat' dir='ltr'>nis,</span> <span class='ocrx_word' id='word_1_344' title='bbox 190 3849 241 3904; x_wconf 87' lang='lat' dir='ltr'>sed</span> <span class='ocrx_word' id='word_1_345' title='bbox 261 3851 322 3919; x_wconf 85' lang='lat' dir='ltr'>qui,</span> <span class='ocrx_word' id='word_1_346' title='bbox 338 3867 397 3905; x_wconf 88' lang='lat' dir='ltr'>curn</span> <span class='ocrx_word' id='word_1_347' title='bbox 412 3851 542 3903; x_wconf 80' lang='lat' dir='ltr'>virtutem</span> <span class='ocrx_word' id='word_1_348' title='bbox 553 3850 719 3902; x_wconf 79' lang='lat' dir='ltr'>excoluisset</span> <span class='ocrx_word' id='word_1_349' title='bbox 741 3857 771 3901; x_wconf 90' lang='lat' dir='ltr'>et</span> <span class='ocrx_word' id='word_1_350' title='bbox 787 3848 896 3899; x_wconf 83' lang='lat' dir='ltr'>veritati</span> <span class='ocrx_word' id='word_1_351' title='bbox 907 3848 1074 3911; x_wconf 83' lang='lat' dir='ltr'>studuisset,</span> <span class='ocrx_word' id='word_1_352' title='bbox 1089 3847 1212 3899; x_wconf 91' lang='lat' dir='ltr'>omnium</span> 
     </span>
     <span class='ocr_line' id='line_1_41' title="bbox 117 3917 1212 3989; baseline -0.005 -14"><span class='ocrx_word' id='word_1_353' title='bbox 117 3920 266 3975; x_wconf 85' lang='lat' dir='ltr'>bominum</span> <span class='ocrx_word' id='word_1_354' title='bbox 299 3922 549 3989; x_wconf 84' lang='lat' dir='ltr'>praestantissimus</span> <span class='ocrx_word' id='word_1_355' title='bbox 584 3928 714 3975; x_wconf 83' lang='lat' dir='ltr'>evaserat,</span> <span class='ocrx_word' id='word_1_356' title='bbox 750 3920 823 3971; x_wconf 88' lang='lat' dir='ltr'>Deos</span> <span class='ocrx_word' id='word_1_357' title='bbox 846 3918 895 3970; x_wconf 88' lang='lat' dir='ltr'>illc</span> <span class='ocrx_word' id='word_1_358' title='bbox 924 3919 977 3973; x_wconf 89' lang='lat' dir='ltr'>sibi</span> <span class='ocrx_word' id='word_1_359' title='bbox 1001 3917 1036 3969; x_wconf 88' lang='lat' dir='ltr'>ad</span> <span class='ocrx_word' id='word_1_360' title='bbox 1066 3921 1212 3988; x_wconf 84' lang='lat' dir='ltr'>antiquum</span> 
     </span>
     <span class='ocr_line' id='line_1_42' title="bbox 116 3988 1212 4057; baseline -0.004 -14"><span class='ocrx_word' id='word_1_361' title='bbox 116 4008 222 4045; x_wconf 87' lang='lat' dir='ltr'>morem</span> <span class='ocrx_word' id='word_1_362' title='bbox 246 3990 378 4043; x_wconf 87' lang='lat' dir='ltr'>colendos</span> <span class='ocrx_word' id='word_1_363' title='bbox 395 3991 550 4054; x_wconf 86' lang='lat' dir='ltr'>statuebat,</span> <span class='ocrx_word' id='word_1_364' title='bbox 578 4006 670 4057; x_wconf 71' lang='lat' dir='ltr'>neque</span> <span class='ocrx_word' id='word_1_365' title='bbox 695 3990 736 4041; x_wconf 92' lang='lat' dir='ltr'>illi</span> <span class='ocrx_word' id='word_1_366' title='bbox 758 3989 831 4040; x_wconf 92' lang='lat' dir='ltr'>ullus</span> <span class='ocrx_word' id='word_1_367' title='bbox 849 3988 938 4041; x_wconf 86' lang='lat' dir='ltr'>inerat</span> <span class='ocrx_word' id='word_1_368' title='bbox 962 3988 1049 4040; x_wconf 85' lang='lat' dir='ltr'>siclus.</span> <span class='ocrx_word' id='word_1_369' title='bbox 1085 3988 1212 4040; x_wconf 87' lang='lat' dir='ltr'>Nonillc</span> 
     </span>
     <span class='ocr_line' id='line_1_43' title="bbox 119 4058 1213 4132; baseline -0.004 -20"><span class='ocrx_word' id='word_1_370' title='bbox 119 4062 270 4132; x_wconf 88' lang='lat' dir='ltr'>quiequam</span> <span class='ocrx_word' id='word_1_371' title='bbox 293 4078 345 4130; x_wconf 88' lang='lat' dir='ltr'>per</span> <span class='ocrx_word' id='word_1_372' title='bbox 368 4060 490 4113; x_wconf 82' lang='lat' dir='ltr'>fraudem</span> <span class='ocrx_word' id='word_1_373' title='bbox 520 4069 549 4113; x_wconf 90' lang='lat' dir='ltr'>et</span> <span class='ocrx_word' id='word_1_374' title='bbox 576 4060 713 4115; x_wconf 64' lang='lat' dir='ltr'>malitiam,</span> <span class='ocrx_word' id='word_1_375' title='bbox 730 4058 866 4129; x_wconf 83' lang='lat' dir='ltr'>fingebat,</span> <span class='ocrx_word' id='word_1_376' title='bbox 902 4076 957 4131; x_wconf 90' lang='lat' dir='ltr'>quo</span> <span class='ocrx_word' id='word_1_377' title='bbox 984 4058 1040 4110; x_wconf 92' lang='lat' dir='ltr'>sibi</span> <span class='ocrx_word' id='word_1_378' title='bbox 1061 4059 1213 4128; x_wconf 89' lang='lat' dir='ltr'>potentiam</span> 
     </span>
     <span class='ocr_line' id='line_1_44' title="bbox 119 4125 1210 4201; baseline -0.005 -19"><span class='ocrx_word' id='word_1_379' title='bbox 119 4140 310 4201; x_wconf 85' lang='lat' dir='ltr'>compararet,</span> <span class='ocrx_word' id='word_1_380' title='bbox 343 4132 391 4184; x_wconf 88' lang='lat' dir='ltr'>scd</span> <span class='ocrx_word' id='word_1_381' title='bbox 407 4148 494 4201; x_wconf 85' lang='lat' dir='ltr'>puro,</span> <span class='ocrx_word' id='word_1_382' title='bbox 520 4130 640 4199; x_wconf 85' lang='lat' dir='ltr'>simplici</span> <span class='ocrx_word' id='word_1_383' title='bbox 669 4139 697 4183; x_wconf 90' lang='lat' dir='ltr'>et</span> <span class='ocrx_word' id='word_1_384' title='bbox 722 4125 840 4183; x_wconf 85' lang='lat' dir='ltr'>candido</span> <span class='ocrx_word' id='word_1_385' title='bbox 862 4132 953 4182; x_wconf 86' lang='lat' dir='ltr'>animo</span> <span class='ocrx_word' id='word_1_386' title='bbox 988 4130 1063 4181; x_wconf 86' lang='lat' dir='ltr'>iuter</span> <span class='ocrx_word' id='word_1_387' title='bbox 1083 4129 1210 4182; x_wconf 87' lang='lat' dir='ltr'>homiues</span> 
     </span>
     <span class='ocr_line' id='line_1_45' title="bbox 117 4196 1211 4273; baseline -0.004 -20"><span class='ocrx_word' id='word_1_388' title='bbox 117 4202 225 4271; x_wconf 74' lang='lat' dir='ltr'>agebat.</span> <span class='ocrx_word' id='word_1_389' title='bbox 264 4202 389 4257; x_wconf 87' lang='lat' dir='ltr'>Peiorem</span> <span class='ocrx_word' id='word_1_390' title='bbox 412 4204 499 4273; x_wconf 84' lang='lat' dir='ltr'>portis</span> <span class='ocrx_word' id='word_1_391' title='bbox 525 4202 696 4256; x_wconf 81' lang='lat' dir='ltr'>infernorum</span> <span class='ocrx_word' id='word_1_392' title='bbox 726 4219 788 4255; x_wconf 88' lang='lat' dir='ltr'>eum</span> <span class='ocrx_word' id='word_1_393' title='bbox 812 4216 870 4256; x_wconf 84' lang='lat' dir='ltr'>esse</span> <span class='ocrx_word' id='word_1_394' title='bbox 895 4198 1030 4264; x_wconf 85' lang='lat' dir='ltr'>ducebat,</span> <span class='ocrx_word' id='word_1_395' title='bbox 1058 4200 1107 4271; x_wconf 86' lang='lat' dir='ltr'>qui</span> <span class='ocrx_word' id='word_1_396' title='bbox 1133 4196 1211 4251; x_wconf 86' lang='lat' dir='ltr'>aliud</span> 
     </span>
    </p>
   </div>
   <div class='ocr_carea' id='block_1_5' title="bbox 0 0 1530 4892">
    <p class='ocr_par' dir='ltr' id='par_1_9' title="bbox 0 0 1530 4892">
     <span class='ocr_line' id='line_1_46' title="bbox 0 0 1530 4892; baseline 0 4"><span class='ocrx_word' id='word_1_397' title='bbox 0 0 1530 4892; x_wconf 95' lang='lat' dir='ltr'> </span> 
     </span>
    </p>
   </div>
  </div>
 </body>
</html>
