3050 4892
539 286 798 361 minumum
1154 288 1229 354 lli

154 464 323 550 προῃρεῖτο
353 454 492 545 σκληρόν
520 460 577 524 κατ’
606 466 756 545 τραχεῖαν
762 510 774 542 ,
807 462 864 526 κατ’
888 452 948 548 cinq
978 462 1105 546 καμόντι
1124 456 1234 551 Ιἤρκει,

154 560 212 625 καὶ
239 557 413 646 ὁρμωμένῳ
445 553 525 644 πρός
551 553 692 639 κάματον
717 559 775 623 οὐκ
801 552 843 645 ἧν
870 556 1016 645 κώλυμα·
1066 570 1234 652 φιλοπρα-

150 658 267 744 τιοότης
309 658 346 723 δὲ
384 650 430 723 οἷόν
471 654 701 745 διαφερόντως,
741 654 947 744 στρατιώταις
980 662 1038 727 οδκ
1064 650 1235 749 ε’χαριζετο,

153 756 237 821 ἄλλά
259 752 363 822 πᾶσάν
382 779 418 819 τε
440 738 558 843 άφῄρει
579 754 759 835 πλεονεξίαν
776 753 833 841 τὴν
853 755 916 821 sini
937 762 1000 825 suiv
1019 764 1153 843 eineder,
1183 760 1238 829 καδ

132 857 185 932 5τό
210 853 404 943 ἁρπακτικὸν
432 854 485 919 ἐπὶ
509 852 582 931 τοδς
610 855 779 936 πολεμίους
799 854 949 942 ἔτρεπεν·
988 860 1117 940 ἐκόλαζε
1146 863 1181 926 δὲ
1207 864 1238 925 l-·

150 958 283 1041 σχορῶς
319 952 392 1029 τοός
421 952 674 1038 παραβαίνοντας
697 958 821 1038 ταῦτα,
854 956 912 1019 καὶ
946 966 1012 1033 τοῖς
1040 964 1238 1040 πειθομένοις

149 1056 197 1129 εἰς
228 1048 265 1117 τό
296 1048 376 1117 εἶναι
405 1050 652 1136 συνηγωνίζετο·
698 1052 806 1127 άπλοῑς
843 1054 879 1118 δὲ
912 1056 1025 1138 εἰπεῖν,
1056 1053 1234 1141 ὑπόδειγμα

148 1155 206 1217 καὶ
235 1152 421 1237 χαρακτῆρα
450 1160 600 1237 παρεῖχεν
636 1143 747 1217 ἔαυτόν
769 1151 907 1236 αρετῆς·
954 1151 1086 1237 γεγονός
1113 1156 1149 1219 δὲ
1183 1156 1261 1226 inii·

149 1247 306 1334 μεγάλαις
333 1252 388 1314 καί
416 1255 576 1335 λαμπραῖς
605 1253 821 1335 στρατηγήιις,
854 1246 960 1337 ὥσπερ
991 1249 1008 1315 ὅ
1032 1250 1163 1320 Ῥοδάον
1181 1277 1242 1318 sto-⁴

113 1348 286 1431 κολοσσός,
318 1344 371 1412 διά
405 1351 540 1432 μέγεθος
577 1347 820 1433 καταπληκτικός
850 1341 910 1431 cir,
947 1350 1006 1415 οόκ
1043 1350 1126 1418 ἔστιν
1159 1353 1236 1439 ἐρά-

148 1472 261 1531 σμιος,
291 1441 432 1523 κάκεῖνος
457 1446 510 1511 διά
543 1444 579 1511 τό
601 1444 862 1533 α’φιλοχρήματον
885 1452 1074 1532 θαυμαστός
1094 1445 1155 1534 τόν,
1176 1446 1251 1516 οόκ’

151 1546 228 1631 ἔσχε
247 1546 367 1633 χάριν·
414 1544 670 1631 προσκεκρουκώς
702 1549 738 1611 δὲ
772 1544 825 1611 διά
843 1548 967 1634 γνώμης
992 1544 1147 1635 όρθότητα
1167 1560 1235 1627 τοῖς

150 1654 412 1728 κατακοιμισταῖς
444 1644 606 1728 εὐνούχοις
635 1649 700 1711 τιόν
728 1648 902 1729 βασιλέων,
932 1640 1060 1724 εὔκολος
1097 1645 1142 1716 eir
1176 1649 1231 1716 διό

150 1746 264 1809 πενίαν
283 1744 339 1809 κατ’
367 1745 484 1831 κοῦφος
504 1745 549 1821 εἰς
567 1740 815 1829 μετανάστασιν,
852 1746 1001 1833 entim
1021 1750 1077 1833 τῆς
1098 1773 1234 1835 στρατεγ-

113 1844 234 1928 ι5γιὀις.
274 1848 314 1909 ln
331 1868 398 1911 oue.

237 1937 284 2006 cs'.
324 1944 397 2009 Kal
423 1938 592 2017 Θεοδόσιος
620 1936 637 2006 ό
663 1940 814 2025 βασιλεδς
840 1940 971 2028 ἐπιμελὴς
997 1936 1039 2030 ἧν
1066 1948 1123 2011 καὶ
1147 1942 1233 2033 πάσῃ

151 2038 299 2128 ῥᾳθυμίᾳ
320 2042 502 2123 ἕκκεδμενος.
545 2044 619 2106 Voe.
640 2042 780 2122 ἐκμελές.
1249 2071 1253 2078 ’
1322 2035 1330 2079 ’·

237 2141 288 2213 ις’.
332 2145 480 2206 Τοσαῦτα
501 2144 557 2205 καί
575 2142 708 2206 τοιαῦτα
725 2142 875 2205 ἐπέκλασε
895 2137 996 2223 κακά,
1017 2133 1099 2206 ὥστε
1115 2139 1237 2227 χρυσός

153 2235 193 2323 ἦν
223 2240 332 2316 αὐτοῖς
358 2238 414 2304 καὶ
442 2238 536 2327 ieeur}
564 2264 613 2319 τις
637 2238 741 2331 ἡμέρα
771 2242 926 2327 κρατῆσαι
951 2238 1028 2317 τοός
1043 2238 1238 2330 βαρβάρους.

109 2344 232 2407 aoVoe.
254 2341 432 2404 ἐπέκλασεν.
1038 2356 1045 2367 ‘
1234 2356 1237 2361 “

236 2437 287 2519 ιζ.
325 2438 536 2525 Ἀβρογάστης
556 2435 719 2524 Φράγγος·
757 2435 794 2515 ὃς
808 2436 887 2505 κατά
906 2437 1005 2524 vileir
1022 2436 1167 2523 στόματος
1182 2438 1239 2505 κατ’

150 2541 264 2623 θυμοῦ
284 2537 468 2625 τραχύτητα
483 2535 670 2626 φλογοειδὴς
688 2530 744 2623 ἦν,
774 2534 1054 2627 δεντεραγοννίστνγς
1070 2537 1236 2626 τυγχάνων

222 2710 266 2753 as.
284 2691 438 2745 Praestaret
454 2686 651 2765 Ἅρβογδστης.

155 2846 221 2884 vero
238 2830 330 2884 velens
348 2828 476 2881 utebatur
495 2826 562 2880 duro
581 2833 611 2879 et
626 2842 722 2896 aspero
746 2834 775 2881 et
794 2844 843 2893 eo,
867 2828 914 2899 qui
932 2827 986 2897 ipsi
1009 2828 1157 2900 defatigato
1175 2832 1235 2883 sol·

154 2900 284 2961 liciebat,
304 2908 330 2952 et
349 2900 397 2969 qui
416 2896 450 2949 nd
470 2898 591 2950 laborem
610 2898 688 2950 eunti
705 2913 762 2950 non
783 2909 842 2951 erat
858 2898 1063 2969 impedimento.
1100 2900 1167 2951 Cum
1185 2919 1235 2953 au-

150 2982 211 3026 tem
230 2972 373 3039 insigniter
401 2968 518 3021 militum
536 2986 626 3019 amans
648 2976 735 3029 esset,
764 2966 900 3021 militibus
918 2976 1009 3021 umen
1026 2986 1082 3021 non
1115 2971 1236 3022 ratifica-

150 3044 249 3106 batur,
269 3040 316 3094 sed
335 3056 441 3092 omnem
460 3040 546 3107 pluris
564 3036 684 3090 habendi
702 3040 884 3107 cupiditatem
900 3056 916 3089 a
933 3042 989 3094 suis
1009 2989 1167 3103 auferebat,
1189 3058 1235 3092 ra-

149 3113 300 3184 pacitatem
327 3114 357 3163 in
377 3109 469 3162 hostes
493 3108 674 3161 convertebat.
711 3110 777 3160 Illos
799 3126 878 3173 vero,
908 3112 957 3181 qui
983 3110 1051 3162 baec
1070 3110 1240 3179 violassent2

148 3185 272 3255 graviter
289 3178 435 3251 puniebat:
454 3177 706 3248 obtemperantibus
724 3196 788 3229 vcro
806 3196 855 3249 pro
872 3180 977 3232 viribus
995 3189 1054 3234 erat
1068 3180 1235 3233 adiumento.

149 3256 292 3323 Denique,
311 3260 342 3303 ut
363 3252 401 3302 ita
419 3252 525 3321 loquor,
543 3266 571 3300 se
582 3249 672 3317 ipsum
689 3251 798 3302 virtutis
816 3252 970 3319 exemplum
984 3261 1013 3303 et
1027 3252 1141 3305 sormam
1156 3268 1237 3319 prae-

150 3325 252 3376 stnbst.
287 3324 319 3375 ln
338 3322 441 3389 magnis
471 3328 561 3372 erstem
587 3327 615 3369 et
631 3320 782 3389 splendidis
801 3325 934 3389 praeturis
951 3331 1091 3384 versatus,
1114 3330 1146 3373 ut
1162 3319 1238 3373 liho-

150 3397 263 3448 diorum
281 3395 410 3447 colossus
430 3390 465 3441 ob
484 3390 698 3459 magnitudinem
718 3389 962 3453 lormiclsbilisest,
978 3409 1035 3442 non
1053 3399 1142 3444 sutem
1161 3408 1237 3445 ama·

148 3466 237 3526 bilis,
264 3464 303 3516 sie
321 3470 350 3516 et
367 3462 415 3513 ille
433 3468 545 3531 propter
564 3461 688 3511 virtutem
709 3462 743 3513 ab
770 3463 884 3514 avaritia
900 3478 1009 3530 prorsus
1028 3463 1161 3526 alienum,
1184 3464 1236 3516 ad·
1303 3480 1308 3491 ’

148 3535 289 3589 mirabilis
317 3532 428 3605 quidem
454 3540 529 3591 erut,
552 3532 601 3583 sed
624 3531 727 3583 nullam
752 3531 873 3584 habebat
896 3534 1016 3599 gratiam.
1053 3534 1120 3587 Cum
1144 3544 1237 3589 autem

143 3614 266 3679 propter
284 3603 381 3655 mentis
400 3601 592 3653 rectitudinem
611 3600 770 3654 offendisset
787 3600 941 3664 eunuchos,
959 3604 1058 3675 Regum
1078 3608 1236 3675 consopito-

145 3696 212 3736 res,
239 3676 311 3741 ipsi,
338 3673 385 3743 qui
411 3678 523 3742 propter
542 3678 727 3739 paupertatem
757 3671 902 3740 expeditus
922 3675 1002 3728 etad
1020 3677 1110 3729 lecum
1127 3687 1236 3731 mutan·

144 3748 217 3801 duan
238 3744 326 3796 lucilis
345 3750 418 3803 erat,
438 3740 547 3809 imperii
566 3757 744 3793 successorem
763 3741 869 3795 babuit.

226 3818 266 3869 15.
303 3812 475 3867 Theodosius
504 3812 653 3880 imperator
683 3812 822 3883 negligens
851 3820 911 3865 erat
940 3819 968 3865 et
990 3816 1064 3867 omni
1096 3813 1240 3878 socordias

207 3903 270 3936 rus.

142 3888 203 3941 ded
218 3896 266 4009 tui.
303 3954 392 4005 Tanta
419 3960 447 4004 et
465 3950 530 4004 talia
553 3950 624 4003 mala
649 3949 682 4002 sd
704 3953 776 4019 ipsos
802 3952 977 4019 effluxerant,
998 3962 1029 4007 nt
1048 3952 1179 4010 barbaros
1196 3956 1238 4009 vi.

143 4033 221 4087 cisse
243 4028 310 4095 ipsis
329 4030 400 4075 esset
418 4040 512 4074 aurum
533 4028 560 4074 ct
579 4019 692 4091 quidam
710 4021 789 4071 albus
808 4020 875 4075 dies.

229 4114 265 4164 ιγ.
304 4093 464 4159 Abrogastes
483 4094 601 4145 Francus
620 4092 684 4149 luit,
704 4094 751 4163 qui
767 4089 864 4143 robore
879 4094 998 4163 eorporis
1017 4102 1046 4146 et
1056 4095 1141 4148 animi
1153 4112 1241 4163 asspe-¹

146 4173 238 4225 ritate
256 4167 379 4218 danturne
398 4164 495 4216 similis
514 4170 587 4229 eret,
610 4162 659 4233 qui
677 4163 707 4215 in
724 4162 918 4219 certaminibus
935 4159 1070 4219 obeundis
1089 4164 1236 4219 seeundum
