3050 4892
550 329 789 396 arimino.
1177 329 1221 390 lx

144 497 200 556 nt,
224 491 247 543 ai
277 486 427 560 aliquando
451 486 538 540 utirnn
560 487 646 540 luerit
677 487 778 541 Suldae
812 491 936 540 aoeurate
966 481 1222 547 aequanimam

146 594 241 664 amplo
261 593 429 646 inmemeuto
447 587 612 660 locupletata
629 590 719 644 omnia
743 590 825 642 rimul
839 605 995 661 proponam.
1013 618 1050 631 -
1066 582 1221 641 Caetoelarl

147 695 360 758 annotetionea,
385 709 454 764 quae
480 695 631 745 versionem
657 694 772 746 latinam
789 699 930 764 rpeetrnt,
953 691 1099 763 aliquando
1118 705 1222 743 errorea

39 839 43 848 .
148 797 301 866 corrigunt,
328 811 398 867 quoe
416 795 560 850 Claraenue
577 795 702 862 rurtulit;
727 811 925 868 nonnunquam
946 802 1023 851 neria
1048 796 1110 848 illue
1126 809 1223 847 eumu-

149 901 229 954 lant:
249 916 319 972 quae
335 898 371 954 ad
388 914 483 969 graeca
502 899 672 962 referuntur,
695 899 859 972 plerumque
883 915 943 952 eum
969 897 1125 952 incredibili
1142 898 1224 966 iquo-

152 1005 241 1056 rantia
257 1003 429 1062 coniunctam
447 1000 625 1054 rtoliditatem
643 1001 791 1066 exhibeam
808 1000 961 1055 euiuemodl
981 1001 1084 1071 flagitia
1098 1013 1148 1070 pru
1165 1015 1225 1053 moe

153 1113 232 1176 parte
248 1119 399 1174 propagare
417 1105 493 1157 nelar
510 1105 606 1186 liabeo.
645 1103 801 1175 Aliquando
822 1103 935 1176 quidem
955 1107 986 1156 in
1007 1105 1061 1157 boe
1083 1098 1226 1175 aterqussl·
1333 1161 1337 1166 ⁴

152 1208 200 1261 nio
222 1221 267 1262 rer
289 1223 346 1261 aon
366 1207 577 1261 contemnendae
594 1207 735 1273 invenier3
762 1205 814 1259 ubi
836 1205 902 1260 vitia
924 1215 1015 1262 teatue
1032 1205 1226 1275 liuerebellani

152 1309 324 1362 eoniieiendo
342 1316 434 1364 emata
454 1317 502 1363 aut
521 1318 594 1363 certe
610 1309 792 1380 probabiliter
808 1315 914 1362 tentata
934 1317 1014 1366 enata
1037 1325 1109 1381 quae
1132 1309 1226 1366 buturi·¹

153 1428 216 1466 nem
234 1410 352 1470 ,abrurdi
376 1413 481 1483 ingenii
512 1415 677 1484 excogitatio
709 1427 790 1468 nemo
816 1415 870 1468 ribi
893 1413 1086 1484 perrundebit:
1113 1429 1224 1476 verum,
1261 1412 1270 1437 '

152 1516 306 1585 culturaque
328 1517 434 1570 auctori
458 1519 511 1569 leta
533 1515 685 1580 debentur,
709 1533 805 1570 eornm
828 1519 962 1570 rationem
987 1515 1017 1568 in
1041 1515 1152 1570 euboliia
1170 1494 1235 1568 eri-¹

154 1619 216 1671 liele
233 1619 273 1670 ita
288 1617 374 1672 habui
389 1627 421 1672 ut
433 1619 594 1674 Cantoolaro
605 1635 654 1689 pro
671 1619 706 1672 iia
726 1618 859 1692 lqoaorern
876 1618 1227 1673 exhiberem-Labbeum

154 1719 282 1789 equidem
297 1719 412 1774 minime
429 1737 541 1792 epernor
560 1721 609 1776 aed
628 1723 676 1794 qul
695 1722 753 1776 eiur
770 1725 956 1793 protroptleon
973 1722 1076 1777 iamdiu
1094 1722 1227 1776 oblivioni
1238 1699 1255 1777 ,’

153 1823 286 1878 mutuum
302 1827 401 1879 iterum
418 1827 448 1878 iu
465 1825 606 1884 homiuum
621 1826 747 1880 notitiam
764 1826 901 1897 proferet,
922 1828 946 1878 ie
966 1827 1069 1898 gloriae
1089 1825 1141 1879 viri
1157 1824 1229 1878 male

154 1929 297 1981 muniet:
322 1925 388 1982 adeo
411 1944 524 1993 aranea,
547 1937 677 1998 peraaepe
704 1938 795 1983 autem
818 1947 939 1985 errorum
955 1932 1053 2001 piene,
1072 1935 1137 1984 runt
1158 1942 1229 2000 quae

154 2029 191 2082 de
207 2029 385 2100 reripturibaa
401 2031 485 2086 huius
501 2029 633 2084 hiatoriae
651 2029 750 2100 tradit3
777 2035 816 2085 ita
833 2040 865 2082 ut
883 2035 934 2083 ri»
946 2032 997 2083 illo
1013 2047 1079 2082 aero
1095 2032 1161 2082 farri
1177 2043 1230 2097 pu·

154 2135 273 2198 tuerint,
290 2143 354 2204 port
372 2132 528 2188 laturiam
541 2149 621 2188 namo
638 2131 717 2186 seret.
744 2133 940 2202 imperatorum
947 2131 1150 2201 chronologiam
1159 2147 1232 2184 nunu

156 2237 201 2290 rel
216 2239 293 2308 pueri
314 2255 329 2292 e
351 2238 432 2290 librir
449 2235 555 2308 ubique
573 2235 661 2290 obviir
677 2241 772 2305 petere
788 2242 937 2305 poterunt,
954 2235 1050 2288 uitem
1068 2250 1125 2288 non
1140 2234 1230 2288 minue

156 2348 323 2394 aoeurrtam:
350 2339 384 2394 ulo
400 2338 579 2412 patriarchia,
602 2341 626 2392 ei
647 2340 692 2392 eui
709 2355 839 2409 quaerere
855 2337 941 2402 libet,
959 2337 1032 2408 apud
1049 2338 1230 2403 Randuriun,

149 2446 235 2498 euioa
258 2453 397 2516 ryntagrna
414 2445 444 2496 ia
468 2443 521 2496 boe
537 2456 650 2515 corpure
668 2442 799 2497 exhibere
822 2459 878 2496 non
900 2442 1081 2512 negligemus,
1103 2443 1228 2512 pleniora

156 2551 380 2620 accuratioraque
398 2547 527 2600 inveniat

224 2651 300 2704 liaeo
328 2649 479 2706 omittendo
500 2650 670 2720 emptoribue
688 2665 721 2702 eo
744 2651 829 2720 magle
853 2650 1050 2704 tontolendum
1068 2657 1128 2702 erat
1154 2650 1229 2722 quod

154 2755 244 2810 editio
260 2761 351 2808 nortra
374 2753 471 2824 amplia
488 2751 688 2806 auceraionlbaa
707 2760 785 2806 aucta
802 2761 852 2808 eat.
884 2753 993 2805 Etenim
1009 2752 1044 2803 ad
1061 2753 1230 2822 Dexippum,

153 2857 309 2926 Eunapium
332 2865 361 2910 et
384 2853 564 2908 Menandrum
587 2863 713 2926 excerpta
740 2857 775 2908 de
800 2855 944 2909 renuntiir
970 2854 1123 2918 addebam,
1158 2871 1230 2930 quoe

156 2977 172 3014 e
200 2961 373 3031 palimprerto
399 2958 530 3012 Vaticano
559 2957 648 3012 edidit
670 2957 708 3010 ill
734 2957 836 3010 Matar:
856 2964 915 3008 tum
931 2955 1098 3026 fragmenta,
1115 2973 1129 3009 e
1146 2956 1231 3010 Suida

154 3062 229 3128 iere,
243 3071 291 3115 aut
308 3063 360 3116 ianr
378 3063 491 3116 oolleola
509 3068 558 3114 aut
574 3062 670 3114 aaltem
688 3060 824 3113 indicata:
841 3061 950 3124 deinde,
968 3067 1001 3111 ut
1014 3058 1156 3114 Fabricio·
1170 3059 1232 3112 lieri

155 3166 256 3228 luerit,
287 3165 390 3232 eclogae
412 3181 428 3216 e
455 3163 602 3230 Nonnoa03
620 3179 702 3233 porro
719 3163 893 3232 panegyricos
912 3162 1048 3214 Anartaaii
1066 3178 1082 3212 a
1100 3159 1230 3229 Procopio

156 3277 185 3321 et
201 3267 339 3320 Prisciano
354 3267 457 3334 diotor3
476 3265 743 3338 deniqueinrliuem,
769 3285 805 3321 ea
824 3269 952 3322 inetituto
973 3262 1050 3336 quod
1066 3262 1097 3314 in
1115 3261 1231 3334 Agelbia

154 3369 262 3428 edendo
280 3377 389 3424 reeutua
407 3385 485 3431 rum,
514 3367 660 3439 duplicem.
716 3411 726 3420 .

225 3475 281 3526 lam
305 3489 369 3528 vero
394 3490 475 3544 quam
501 3474 640 3544 praeclara
659 3475 716 3526 rint
732 3489 804 3545 quae
821 3475 852 3526 in
875 3469 1148 3526 borumsevirorum
1165 3473 1231 3526 rell-

156 3576 234 3648 quiir'
247 3575 282 3628 ad
299 3576 431 3630 historiae
454 3578 638 3649 cognitionem
661 3577 823 3648 pertinent,
837 3581 941 3628 norunt
958 3573 1071 3628 lectores
1089 3575 1230 3630 Gibboni:

155 3697 248 3752 neque
264 3697 327 3734 vero
344 3683 488 3750 quiequam
508 3680 565 3734 rani
583 3681 679 3736 iudicii
697 3681 739 3735 ria
756 3680 825 3732 adeo
843 3681 924 3733 uaiee
936 3677 1032 3732 trucis
1048 3677 1231 3732 delectabitur

154 3795 202 3847 ot,
220 3783 295 3836 verbi
315 3783 418 3854 qratia,
442 3785 526 3838 Priaei
553 3786 736 3838 narrationem
762 3757 799 3836 de
815 3783 952 3852 legatione
970 3784 1005 3836 ad
1020 3783 1134 3835 Attilam
1152 3781 1231 3835 sarti-

154 3888 222 3942 diat
259 3889 354 3958 ltaque
367 3887 528 3955 roriptorum
548 3885 659 3940 honorio
677 3904 756 3941 cauea
761 3925 772 3951 ,
790 3887 872 3940 timul
888 3896 981 3940 autem
994 3885 1111 3939 ornandi
1129 3885 1231 3955 operia,

149 3992 201 4044 eui
218 4006 319 4043 nomen
339 4007 429 4044 meum
441 3992 805 4065 ·praeroripri,quaerebam,
824 3992 847 4045 ri
864 3995 909 4046 eui
928 3991 1028 4044 illurtri
1045 3991 1121 4043 inre
1138 3988 1232 4042 critica

153 4095 254 4150 artifici
273 4087 447 4167 perauadere,
460 4109 589 4163 putrem,
614 4101 646 4146 ut
663 4093 745 4146 huiua
762 4093 864 4163 primae
882 4095 967 4164 partia
986 4091 1166 4146 reeearendae
1183 4107 1232 4142 ru·

152 4199 273 4278 eriperet
291 4195 417 4254 officium.
436 4196 618 4256 Tuueaubito
636 4195 722 4252 menti
732 4199 891 4256 occurrebat
899 4195 1050 4260 Bellorur,
1069 4197 1126 4252 nob
1141 4193 1230 4254 nitu·
