3050 4892
334 241 418 331 588
613 272 783 336 rituum
815 271 956 334 muner
987 270 1128 336 noras

332 427 443 488 hector
462 425 519 488 suh
540 426 631 488 finem
652 427 722 490 libri
741 431 832 511 primi
843 427 1106 490 Collectaneomm
1117 439 1151 488 et
1168 425 1258 490 initio
1277 427 1406 502 semath,

329 531 365 572 ac
386 510 606 592 Theophanes,
630 515 717 573 cuius
735 515 915 572 sententiam
935 515 1086 594 integram
1105 513 1234 574 curicus
1253 511 1413 574 lectoribm

329 593 475 654 exhibebo
488 615 497 652 ε
518 589 726 672 ἐβουλεύσατο
738 584 840 666 ’Item
854 591 873 653 o‘
885 593 1054 672 Μαΐστρος
1068 595 1227 676 (dignitate
1238 597 1415 678 Magistra·

329 676 511 736 officiorum
544 675 738 738 Marcellinus
759 699 777 736 a
797 676 901 759 pellat)
929 677 976 736 rui
994 678 1127 754 βασιλεῖ
1156 675 1303 756 Ζήνωνι,
1337 669 1416 748 ’ὄιος

327 758 466 856 Βερίναν
487 753 545 838 τὴν
565 758 722 840 πενθερὰν
742 700 845 821 colisti
867 735 982 843 beddig
1004 759 1063 839 τῆς
1083 757 1227 831 πόλεως,
1257 755 1317 820 aei
1337 755 1416 859 rio'ip

326 861 389 902 τινι
418 842 547 918 πέμψας
576 837 675 922 uritis
707 843 753 915 εἰς
775 840 987 922 Χαλκηδόνα,
1018 842 1086 918 μετ’
1112 838 1220 944 o’ilpou
1253 841 1290 903 δὲ
1310 840 1359 914 εἰς
1378 861 1412 901 το

327 922 460 1002 Παρίου
481 925 610 1008 (corrigo
620 923 805 1029 Hunuprhv)
827 921 993 987 souviller
1013 920 1134 1004 ταύτην
1155 921 1325 985 antaeus
1344 946 1417 986 ove·

327 1001 447 1086 tityus
475 1007 656 1091 Μαρκιανῷ
682 1030 736 1070 και
766 1005 903 1072 Λεοντία
929 1007 969 1092 τῇ
995 1004 1064 1092 tte'p
1093 1003 1244 1086 θυγατρί
1286 1007 1415 1090 Reliqm

324 1088 367 1148 ob
387 1089 586 1170 prolixitatem
613 1094 743 1166 omitto,
777 1091 809 1151 in
830 1069 941 1173 quihus
961 1089 1001 1150 de
1019 1100 1174 1171 amputata
1194 1091 1355 1165 auricula,
1383 1103 1412 1151 et

325 1171 461 1232 Orientis
497 1173 685 1254 pmel'ectura
717 1175 845 1255 aliisque
874 1173 1027 1233 obem-iim
1047 1182 1274 1254 pertractatur,
1305 1173 1414 1256 quibua

324 1252 470 1315 illustrari
491 1258 625 1337 possint,
647 1277 725 1338 quae
747 1257 841 1317 hahet
856 1255 1053 1317 Marcellinus
1067 1257 1177 1315 Comes
1196 1257 1229 1314 in
1248 1255 1410 1330 carnaim,

209 1352 213 1363 ·
325 1335 514 1398 Theodorico
545 1349 576 1398 et
603 1339 755 1398 Venantio
780 1340 867 1400 Coss.
899 1343 964 1400 sive
996 1359 1077 1398 anuo
1106 1340 1300 1420 Dionysiam
1319 1339 1408 1418 484:

320 1417 397 1479 Illuc
416 1422 536 1480 untione
553 1420 688 1500 Ismene,
710 1437 863 1506 amputata
975 1421 1151 1483 (limium
1166 1423 1318 1496 walada,
1339 1423 1408 1482 on·-

320 1513 415 1600 entem
433 1503 555 1601 hertoni
569 1505 689 1583 infestus
708 1507 830 1566 invasu.
901 1527 972 1566 onu
988 1525 1055 1566 arm
1074 1504 1198 1565 Leouub
1223 1505 1412 1582 (rruunr'rln

320 1598 481 1750 &apag-g·
496 1689 547 1728 ao.
560 1665 602 1730 A.
626 1667 715 1753 [477,
728 1691 758 1730 a.
800 1669 966 1732 Maeniana
986 1684 1017 1731 et
1034 1669 1202 1754 Procopio,
1233 1669 1323 1755 filiis
1344 1671 1411 1732 Aa·

319 1749 434 1810 doenrii.
476 1751 581 1812 Civilis
608 1752 691 1814 illius
723 1754 762 1814 be
775 1753 796 1814 li
827 1775 952 1814 causam
982 1757 1080 1814 tacuit
1109 1751 1289 1828 Candidus,
1320 1775 1410 1836 qnam

217 1899 221 1914 Ι
319 1831 500 1894 Theodorus
512 1834 620 1896 Lector
640 1847 772 1896 exuemo
791 1835 873 1896 libro
893 1837 1012 1918 primo,
1026 1835 1229 1917 Theophanes
1240 1835 1409 1910 Chronico,

319 1913 430 1997 aliique
450 1917 589 1998 pluribus
611 1918 782 2000 explicant:
805 1922 981 1980 Marcianus
1001 1920 1159 1979 Leontium
1180 1918 1311 1979 ducant
1331 1921 1409 1982 Leo-

317 1999 365 2058 nis
386 2021 421 2059 ex
437 2000 551 2061 Verina
570 2000 682 2079 filiam,
701 2005 752 2063 cui
772 2023 809 2062 eo
828 2003 951 2064 nomine
971 2023 1101 2084 regnum
1119 2001 1223 2062 deberi
1237 2003 1408 2076 asserebat,

316 2081 398 2163 quod
413 2095 557 2165 regnante
576 2095 661 2164 patre
680 2096 752 2145 nata
773 2096 861 2163 essct,
882 2105 952 2145 cum
964 2085 1112 2159 Ariadne,
1128 2085 1193 2146 eius
1211 2087 1411 2148 soroero-

315 2165 363 2224 nis
385 2169 514 2245 coniux,
536 2177 698 2248 antequam
730 2169 793 2229 Leo
825 2169 985 2250 imperaret
1008 2167 1112 2229 suisset
1133 2167 1170 2227 in·
1188 2165 1290 2227 lucem
1314 2170 1407 2230 edita.

315 2247 399 2306 ldem
420 2247 535 2310 bellum
556 2246 707 2330 eleganter
727 2251 925 2332 descripserat
944 2251 1123 2312 Eustathius
1140 2251 1236 2332 Syma
1263 2262 1298 2311 et
1328 2253 1409 2314 ntu-

314 2328 392 2389 ehus
424 2330 722 2412 Philadelphiensis,
744 2345 780 2393 ut
807 2345 874 2394 tum
902 2355 937 2396 ex
958 2355 1028 2416 pag.
1050 2332 1103 2395 86.
1125 2333 1349 2415 Excerptornm
1369 2336 1409 2397 de

313 2409 514 2492 legationibus
544 2415 683 2475 editionis
710 2417 826 2497 regiae,
860 2427 928 2476 tum
947 2438 983 2477 ex
1003 2437 1070 2498 cap.
1085 2416 1138 2478 26.
1160 2415 1231 2476 libri
1252 2419 1337 2478 tertii
1358 2418 1407 2478 hi·

313 2496 424 2554 storiae
459 2495 675 2556 ecclesiasticae
708 2496 835 2580 Euagrii
862 2499 980 2560 clamem
999 2510 1054 2559 est.
1096 2500 1252 2560 Marciano
1273 2513 1308 2561 et
1326 2501 1406 2562 Pro-

311 2578 398 2656 copio
426 2577 551 2636 tertium
583 2577 751 2660 adiungunt
783 2571 942 2663 utriuadue
971 2582 1094 2642 fratrem
1124 2581 1292 2643 Romulum
1320 2587 1406 2646 citati

311 2658 402 2740 paulo
425 2670 496 2720 ante
516 2657 698 2721 Theodorus
718 2674 748 2722 ct
771 2663 986 2746 Theophanes,
1008 2685 1101 2746 quem
1114 2663 1234 2727 silentio
1248 2665 1406 2729 Candidus

310 2742 468 2820 obvolvit,
490 2754 520 2804 et
541 2746 734 2806 Marcianum
756 2747 882 2828 quidem
904 2751 937 2808 in
958 2749 1084 2829 Papyrii
1105 2749 1262 2809 castellm
1284 2749 1405 2832 relega-

309 2833 387 2906 tum,
404 2827 587 2909 Procopium
608 2849 682 2889 vero
703 2851 739 2890 ac
759 2830 926 2896 Romulum
937 2833 970 2891 in
983 2830 1181 2892 Occidentem
1195 2832 1260 2893 sive
1269 2833 1404 2896 Roman

309 2909 381 2970 aufii
404 2912 460 2970 'se
479 2921 635 2974 testantur.

383 2931 462 3075 iilieg.
476 3013 525 3054 ao.
536 2996 570 3054 Β.
586 2992 672 3078 hipp,
690 2995 753 3080 10.]
777 2997 882 3058 Hitua
898 3001 1095 3060 insurrexerit
1114 2997 1306 3058 etleontuon
1315 2999 1402 3084 Inep.

307 3079 534 3138 remuuiaeerit.
564 3077 773 3140 Rebellionem
795 3080 869 3142 Hilli
890 3102 926 3142 ac
946 3101 1050 3143 casum
1069 3081 1206 3142 relount
1215 3079 1400 3143 Theodorus

307 3157 418 3220 Lector
437 3161 525 3221 initio
546 3159 670 3235 libris„
697 3163 847 3245 Euagrius
866 3163 920 3224 lib.
944 3166 975 3225 δ.
998 3186 1066 3246 cap.
1090 3185 1157 3247 η,
1179 3185 1214 3224 ex
1234 3165 1401 3225 Eustatbio

305 3241 406 3323 Syro,
428 3263 519 3324 wem
548 3243 642 3326 vulgo
663 3246 921 3328 Epiphaniensem
941 3257 1137 3329 nuncupant,
1166 3245 1221 3306 ubi
1242 3257 1273 3306 et
1293 3246 1399 3308 Theo·

304 3323 421 3404 dorici,
445 3327 615 3387 Gothorum
636 3327 742 3405 ducis,
765 3333 925 3407 meminit,
952 3331 1005 3413 qui
1027 3341 1130 3412 postea
1149 3329 1265 3389 Romae
1286 3351 1399 3412 regna-

305 3409 374 3480 vit,
408 3410 585 3471 Damascius
607 3411 638 3470 in
664 3413 728 3473 rita
750 3412 858 3477 isidori
882 3412 949 3474 loco
969 3433 1063 3495 supra
1081 3411 1233 3487 indicato,
1264 3411 1398 3473 Marcel-

306 3487 387 3553 linus
411 3494 539 3572 Comes,
572 3493 726 3576 Dynamio
756 3505 788 3556 et
815 3496 920 3557 Silidio
940 3497 1043 3573 Coss,
1064 3517 1138 3556 ann.
1158 3495 1274 3556 Christi
1294 3493 1396 3573 diiii-z

303 3571 442 3636 honum
460 3595 518 3636 rex
535 3591 564 3638 et
582 3575 686 3638 Hillus
705 3593 849 3658 tyrannm
866 3583 898 3640 in
918 3580 1075 3664 Papyrio,
1098 3577 1235 3638 Ismariae
1258 3579 1395 3653 castello,

301 3658 590 3802 tum?
604 3675 712 3804 iii„
728 3662 956 3807 itttttt
973 3660 1396 3816 ii‘ciiliifflhiss

302 3820 438 3905 phanes,
462 3827 516 3908 qui
537 3824 690 3886 uberrime
710 3827 828 3910 singula
848 3849 983 3912 quaeque
1003 3828 1212 3910 persequitur,
1232 3847 1290 3886 suo
1309 3837 1393 3886 tern-

300 3917 376 3985 pore
396 3905 469 3967 alias
498 3907 699 3990 proferenda,
733 3931 769 3971 ex
796 3911 908 3993 quibus
927 3913 1002 3972 haec
1022 3931 1117 3992 pauca
1138 3907 1285 3968 delibavit
1304 3907 1393 3968 Ana·

299 3990 408 4050 etesius
428 3989 679 4054 Bibliotheearius
700 4015 770 4078 pag.
787 3994 838 4072 46.
860 3995 934 4054 edit.
958 3995 1082 4076 regiae:
1106 3992 1212 4052 Ritus
1239 3991 1389 4052 Putn'criu

298 4091 363 4132 rum
388 4073 511 4133 Montio
534 4085 566 4132 et
586 4077 707 4160 reliquus
727 4082 811 4138 uenit
827 4077 1043 4138 aet-casulum
1059 4075 1212 4157 Puprrii,
1237 4088 1266 4134 et
1284 4073 1389 4132 οᾰυαα

299 4152 419 4217 Venire
440 4154 575 4236 Augusta
594 4160 627 4220 in
658 4157 787 4222 Tarsum
811 4161 1028 4242 Cilsbtuesecit
1052 4158 1277 4219 eumoomnari
1296 4169 1386 4218 ezra
