3050 4892
503 291 798 358 enunciamus.
1103 264 1187 357 503

46 528 47 531 Ἴ
121 445 175 531 την
206 440 310 527 κοινην
336 440 493 504 πολιτείαν
520 443 737 525 πεποιημένοι,
771 440 957 528 διέφθειράν
982 468 1014 509 τε
1041 446 1098 512 καί
1114 448 1200 534 πρός

121 540 298 611 τούνανιίον
319 541 375 623 τῆς
392 538 502 623 χρείας
519 542 711 621 μετέβαλον·
744 534 787 615 τός
806 538 867 623 γόρ
888 540 918 604 οἱ
938 545 1090 627 ἐμπορίας
1108 549 1192 625 τινός

121 638 357 727 προεστηκότες,
386 636 441 712 τοὶς
471 634 572 722 δρχός
599 638 711 712 ώνίους
739 636 887 701 ἐποίουν·
920 642 975 703 καί
1000 634 1041 723 ἦν
1062 644 1139 709 Itur
1158 632 1213 709 ἐν’

84 771 87 783 =
123 740 222 825 α’ρχῆς
244 736 382 820 σχήματι
402 740 653 819 πιπρασκομένας
672 734 730 811 τός
750 732 854 811 πόλεις
866 747 930 812 τοῖς
946 740 1096 824 χρήματα
1119 743 1193 804 δού-

100 850 174 911 5ναι
199 836 254 901 καί
283 842 391 918 λαβεῖν
414 832 598 917 ἐγνωκόσιν,
633 837 673 898 ου’
699 845 766 910 τοῖς
804 830 843 900 τί
868 844 969 901 ποιεῖν
999 838 1194 920 δυναμένοις.
1274 826 1279 840 ’

120 938 283 1021 τοιγαροῦν
303 930 370 1016 ἅμα
389 958 423 999 τε
441 942 509 1008 ταῖς
527 931 654 997 πόλεσιν
678 930 869 1019 ἐπεδήμουν,
894 934 950 999 καί
975 936 1029 1020 ἐφ’
1047 926 1073 1025 ηδ
1092 937 1195 1019 παρῆ-

121 1058 180 1100 σαν
208 1031 401 1118 ἐπράττετο,
432 1035 488 1095 καί
517 1036 571 1115 τῆς
597 1035 897 1121 κοινῆςὼσυμφορύς
927 1032 958 1097 οἱ
977 1035 1041 1098 τών
1068 1027 1195 1120 draps.

121 1157 187 1198 πων
207 1128 349 1217 ἡγεμόνες
372 1129 552 1199 ἐπλούτουν.

204 1231 253 1311 ιβ.
290 1230 340 1307 Ἐξ
374 1221 413 1293 οὗ
443 1231 478 1295 δὲ
505 1230 582 1314 ἡμῖν
609 1228 666 1307 τοὶς
694 1228 801 1305 πόλεις
828 1226 951 1314 όνέχεις
980 1235 1025 1321 τῷ
1043 1233 1196 1315 νεύματι,

85 1327 254 1412 ιοίγνοιμεν
284 1326 328 1402 ώς
354 1326 371 1393 ό
399 1332 463 1393 τών
490 1326 660 1413 χρημάτων
686 1321 842 1412 ἄπληστος
861 1328 940 1412 ἔρως
948 1327 998 1411 ,ό
1028 1329 1089 1415 την
1107 1332 1200 1416 δίκην

121 1430 277 1511 ιίπείργων
296 1430 371 1510 παρ’
392 1426 570 1513 ἀνθρώποις
590 1428 833 1508 ἐνδιαιτᾶσθαι,
862 1430 903 1491 ου’
919 1429 1024 1495 πάντα
1044 1432 1132 1518 νικρῖν
1153 1426 1199 1505 οός

121 1524 219 1592 ἔοικεν
237 1514 328 1606 εἶχεν,
352 1523 431 1587 α’λλό
452 1522 512 1610 γάρ
534 1548 609 1589 ποτε
630 1527 684 1587 καί
703 1525 890 1609 παραδόξως
909 1523 1074 1611 ἡττᾶσθαι.
1095 1533 1196 1593 καίτοι

122 1623 174 1689 διό
194 1628 303 1688 τοῦτον
323 1621 426 1707 πατήρ
447 1624 507 1705 μὲν
526 1622 699 1705 προδίδωσι
720 1628 839 1708 παῖδα,
858 1621 986 1707 γύναιον
1008 1631 1043 1691 δέ
1061 1625 1118 1692 τόν
1138 1619 1194 1691 όν-

121 1723 197 1807 δρα,
230 1724 285 1786 καί
301 1719 340 1786 τό
362 1725 434 1805 γένη
454 1728 519 1786 κατ’
539 1717 680 1805 ἀλλήλων
701 1718 872 1801 όπλίζεται.
914 1728 973 1789 σοῦ
992 1726 1028 1790 δέ
1048 1750 1194 1810 παρακα-

82 1825 257 1907 ὶ5βημένου
278 1824 324 1907 api
341 1821 483 1902 βήματι,
505 1818 565 1903 πρό
586 1824 645 1901 μὲν
665 1823 728 1885 τών
748 1816 925 1906 όφθαλμών
947 1819 967 1907 ἦ
987 1822 1067 1907 δίκη.
1088 1819 1194 1908 ώστιερ

119 1924 155 1986 δὲ
174 1916 288 2004 ταύτης
310 1914 430 2004 δρώσης
455 1920 604 1999 μέλλουσι
625 1920 785 1995 δικασταῖς
812 1922 974 2007 ἐπιφέρεις
993 1918 1050 2005 τὴν
1067 1924 1195 2008 ψῆφον·

118 2022 174 2085 καί
193 2014 255 2085 εἷλε
276 2021 336 2082 σοῦ
355 2042 404 2092 τις
422 2016 479 2101 την
499 2016 624 2101 γνώμην
645 2017 683 2080 ου’
706 2016 830 2101 χρυσόν
849 2016 1106 2105 προτεινόμενος,
1127 2019 1195 2083 ἀλλ’

119 2118 214 2205 α’ρετῇ
242 2120 401 2196 πλουτών,
433 2115 487 2179 καί
516 2113 720 2197 μεταβάλλειν
750 2112 937 2202 ἀνθρώπους
971 2118 1016 2195 εἷς
1045 2112 1196 2198 εόδιιιμο·

119 2220 191 2281 νίαν
217 2211 318 2290 εἰδώς.
363 2210 379 2278 ό
411 2217 446 2279 δέ
475 2212 680 2299 Λύσανδρος,
712 2218 742 2279 εἰ
766 2216 819 2279 καί
838 2216 1035 2301 Σπαρτιάτης
1055 2209 1113 2300 ἦν,
1141 2216 1198 2279 καί

80 2312 233 2395 ηοσεμνόν
254 2312 382 2402 ἐφρόνει
404 2312 457 2377 διό
476 2311 515 2376 τό
537 2310 887 2398 πρώηνιεότυχηδέντα,
908 2315 989 2379 α’λλό
1010 2324 1074 2389 τοῖς
1093 2311 1195 2399 ἔργοις

120 2410 174 2477 τόν
187 2409 387 2497 Σπαρτιάτην
401 2408 569 2493 ἐψεύδετο·
593 2409 652 2495 τη“ν
671 2412 729 2497 γόρ
752 2416 816 2477 τών
835 2413 1000 2499 α’ρχόντονν
1020 2414 1141 2498 αἳρεσιν
1154 2404 1192 2475 ού

120 2510 334 2599 προσηκόντως
367 2507 551 2592 ποιούμενος
587 2511 686 2597 φόνον
713 2516 768 2576 καί
797 2516 938 2598 ταραχῆς
970 2510 1007 2577 τό
1037 2515 1099 2577 τών
1124 2510 1194 2576 Ἑλ-

190 2647 214 2697 7.
235 2632 283 2680 καί
306 2618 354 2679 διό
373 2628 421 2694 τῆς
438 2630 507 2683 coni.
528 2630 560 2683 Ν.
637 2633 675 2683 13.
703 2626 752 2683 διὰ
778 2636 881 2683 τοῦτον
905 2631 1031 2695 vincis,
1058 2626 1107 2683 διό
1131 2626 1197 2684 τοί·

190 2716 247 2752 των
265 2696 323 2749 cod.
415 2700 451 2751 15.
471 2698 575 2769 dipteri
593 2698 651 2752 cod.
662 2737 671 2763 ,
693 2718 823 2771 suprascr.
843 2700 877 2751 at
895 2716 967 2751 man.
983 2705 1007 2769 β.

119 2842 182 2886 tura
207 2830 310 2881 efficere
328 2848 382 2881 non
399 2839 503 2900 potest,
529 2834 558 2885 id
576 2832 663 2886 faeere
685 2843 798 2887 conatur
824 2813 979 2903 prudentie.
1014 2834 1088 2907 Haec
1114 2832 1199 2901 ig‘tur

121 2905 157 2955 ab
173 2902 254 2953 initio
270 2900 339 2951 bene
359 2904 503 2953 constituta
525 2906 609 2971 spurii
629 2904 738 2973 qnidam
757 2906 881 2955 hunninea
901 2911 928 2954 et
946 2902 980 2953 ad
990 2904 1089 2971 regiam
1108 2902 1199 2970 digni·

120 2982 205 3029 tatem
225 2978 333 3041 praeter
351 2972 392 3019 ius
411 2975 507 3033 evecti,
524 2974 626 3023 lucrum
646 2976 779 3041 privatum
798 2990 854 3023 ere
873 2974 981 3043 publica
993 2972 1101 3041 imperii
1113 2986 1198 3040 quae-

121 3052 226 3105 rentes,
242 3048 438 3109 perverterunt,
450 3051 481 3105 ¹et
496 3044 573 3093 utilia
594 3045 722 3095 damnosa
742 3043 871 3094 fecerunt.
894 3044 1034 3111 Tanquam
1055 3044 1127 3093 enim
1147 3056 1197 3091 ne-

121 3116 256 3186 gotiantes
279 3108 434 3161 vendebant
452 3115 634 3180 magistratus,
668 3124 696 3166 et
717 3114 810 3166 videre
829 3121 936 3180 poteras
955 3112 1006 3164 sub
1027 3114 1197 3181 magistratus

120 3185 204 3239 titula
232 3180 312 3232 vendi
342 3181 493 3247 provincias
518 3183 568 3246 iis,
593 3186 639 3253 qui
663 3186 791 3252 pecunias
809 3184 873 3235 darc
892 3191 920 3234 et
937 3183 1058 3251 accipere
1079 3181 1197 3241 veilent,

122 3272 178 3307 non
198 3252 245 3322 qui
270 3259 341 3303 recte
360 3266 437 3318 agere
455 3252 560 3303 scireut
598 3254 770 3325 Quapropter
790 3255 954 3323 simulatque
977 3252 1005 3301 in
1030 3250 1197 3321 provinciam

121 3325 277 3382 venissent,
298 3320 326 3371 id
345 3320 462 3389 agebant
482 3323 558 3373 cuius
579 3326 617 3374 rei
635 3340 713 3376 eausa
735 3325 858 3387 aderant,
876 3331 904 3375 ct
923 3341 938 3375 ο
957 3320 1069 3391 publiea
1086 3320 1197 3372 calami-

122 3402 180 3448 tate
198 3393 366 3461 magistratus
384 3390 626 3459 locupletabantur.
1062 3403 1066 3411 '

198 3481 235 3516 ιο.
272 3462 325 3513 Sed
344 3474 377 3509 cx
396 3476 450 3530 quo
471 3471 500 3513 tu
518 3464 639 3514 civitates
658 3462 737 3515 nobis
757 3470 827 3514 nutu
849 3470 997 3522 sustentas,
1017 3460 1198 3527 cognorimus,

123 3534 279 3589 divitiarum
298 3529 481 3583 insatiabilem
501 3548 634 3595 amorem,
664 3538 711 3605 qui
730 3535 863 3586 iustitiam
882 3533 956 3600 apud
975 3531 1098 3581 homines
1117 3528 1198 3581 habi-

123 3614 184 3658 tare
202 3618 256 3653 non
281 3603 355 3665 sinit,
373 3618 428 3651 non
449 3605 548 3663 omnia,
567 3612 597 3653 ut
613 3604 764 3667 ridebatur,
783 3607 903 3664 vincere,
926 3604 980 3653 imo
1006 3617 1070 3651 cero
1092 3607 1200 3669 practer

126 3670 354 3743 exspectationem
373 3688 434 3722 eum
452 3672 599 3741 aliquando
619 3676 747 3741 superari.
773 3674 808 3725 Et
826 3681 915 3725 tamen
933 3679 1044 3739 propter
1062 3670 1133 3721 hune
1149 3684 1199 3739 pa·

123 3756 168 3799 ter
184 3742 270 3794 {ilium
287 3740 393 3809 prodit,
417 3756 485 3791 nxor
504 3744 607 3804 virum,
634 3751 662 3795 et
679 3754 771 3813 gentes
788 3744 902 3795 invicem
920 3759 992 3793 arma
1010 3745 1129 3810 capiunt.
1155 3740 1199 3791 Tu

123 3830 188 3868 vero
208 3826 267 3861 cum
286 3812 386 3863 assides
406 3810 547 3875 tribunali,
565 3822 627 3865 arcte
646 3816 737 3866 oculos
755 3821 876 3867 versatur
892 3810 1009 3872 iustitia,
1024 3819 1052 3863 et
1070 3818 1199 3879 tanquam

125 3902 157 3939 ea
175 3887 302 3937 cernente
313 3919 321 3943 ,
340 3880 443 3933 indices
462 3882 491 3933 in
511 3884 634 3953 suffragia
653 3886 748 3939 mittis.
767 3884 948 3952 Atqnmtnam
965 3882 1125 3934 tentantium
1144 3878 1201 3931 cibi

126 3953 255 4009 conciliat
285 3966 340 4001 non
366 3954 413 4021 qui
432 3968 526 4002 anrrrm
546 3958 657 4016 offerat,
691 3953 738 4005 sed
757 3955 857 4005 virtute
875 3952 969 4015 dives,
998 3952 1045 4024 qui
1074 3950 1201 4002 homines

126 4027 220 4079 felices
243 4018 356 4073 reddere
372 4022 486 4076 noverit
522 4023 660 4091 Lysander
678 4039 760 4087 vero,
786 4024 853 4075 licet
869 4023 1025 4092 Spartanus,
1044 4029 1073 4073 et
1088 4026 1201 4091 propter

126 4110 168 4151 res
194 4092 313 4151 feliciter
336 4100 422 4160 gestas
452 4092 668 4162 immortates,
696 4094 774 4148 sactis
799 4094 962 4164 Spartanum
986 4091 1117 4147 mentitus
1142 4094 1200 4143 art:
