3050 4892
317 206 362 277 ut
393 206 602 275 exornem
629 208 683 275 nn
710 206 1017 277 metuentius.
1120 182 1208 271 535

212 364 290 445 Peg.
312 363 362 427 61.
386 368 421 427 B.
452 366 548 451 [193.
579 366 648 450 nm]
688 365 887 438 ἄνοτιθὲνττς
921 358 1028 453 &tinia
1056 366 1207 453 οφττέρρ.

114 444 234 507 Scribe
255 444 476 527 ἀνατιθέντων,
497 472 581 513 more
605 452 719 524 Attico,
746 470 803 532 pro
829 441 1074 512 ἇνατιθέτωσαν.

211 530 407 612 Pagone.
450 533 517 615 194,
535 532 579 616 7.]
609 534 712 595 Scribo
732 530 789 593 nni
802 528 862 610 οὐχ
884 526 928 602 ὥς
945 532 983 615 τῇ
1004 528 1101 593 οὗτοι)
1127 546 1186 595 etc.

211 614 290 693 Pag.
308 614 360 673 62.
374 614 408 675 B.
449 617 516 699 195,
542 615 601 699 ¹7⁴]
628 604 653 699 ᾧ
673 612 728 678 κατ’
747 610 817 675 τότε
831 610 978 689 βούλεται
994 612 1207 693 διαλέγεσθαι.

116 693 235 754 Scribe
260 688 295 759 ol
315 691 371 756 καὶ
388 694 480 774 τότε,
519 700 601 782 quod
630 700 710 761 idem
738 699 819 761 valet
839 720 877 757 ae
895 701 958 756 νιοῖ.
972 697 1020 758 Sic
1033 719 1126 777 supra
1140 720 1208 799 ρορ.

116 774 182 857 59.
205 779 241 837 Β.
268 778 391 839 Priscus
419 779 512 842 dixit:
544 774 630 853 ὅπως
645 780 757 865 γνοίη,
778 771 813 841 οἷ
824 775 974 859 βούλεται
991 770 1088 865 αὐτῷ,
1103 778 1158 843 κοτ’
1175 800 1208 843 o-

114 855 203 921 τιὸτε
223 856 255 932 ἐς
276 857 385 939 λόγους
403 860 516 928 ἐλθεῖν.

120 986 124 993 -
210 944 290 1027 Peg.
316 944 367 1005 66.
389 946 426 1004 ·Β.
457 946 542 1029 [203,
582 950 645 1027 ομ]
679 944 821 1025 καθάπερ
855 939 911 1007 ἐπὶ
939 944 1002 1005 τῶν
1028 939 1211 1023 γαμούντων

105 1017 276 1105 Ἕλληνες
307 1036 364 1087 en.
409 1028 483 1089 Tori
504 1030 637 1111 geniales‘
664 1042 730 1090 tum
750 1030 830 1111 apud
856 1030 1006 1100 Graecos,
1040 1038 1107 1087 turn
1126 1028 1210 1108 apud

114 1109 255 1169 Latinos
275 1108 350 1171 velis
370 1131 405 1170 oc
426 1115 566 1193 preciosis
589 1114 722 1173 restibus
735 1112 934 1172 ornabantur.
977 1111 1074 1171 Erunt
1088 1130 1209 1191 quoque

110 1189 241 1273 gradus
260 1191 406 1270 eburnei,
426 1196 536 1277 quibus
558 1196 774 1257 ascendebatur
793 1198 826 1255 in
846 1206 973 1273 torum,
990 1195 1136 1255 Lucanus
1151 1192 1209 1254 lib.

113 1294 146 1335 α.
172 1272 314 1335 delecto
335 1274 462 1358 genialis

327 1394 368 1405 -
391 1361 586 1446 gmdibnsqzae
607 1363 729 1423 acclivis
749 1362 866 1422 eburnis

208 1438 278 1500 Scae
295 1454 392 1517 torus,
419 1456 447 1503 et
462 1446 543 1528 picto
561 1459 653 1505 vester
670 1446 855 1505 dt'sorrhuhot
874 1462 961 1505 αιιιῡ.

114 1522 313 1585 Claudianus
335 1546 456 1606 quoque
478 1526 545 1586 inl.
561 1548 590 1586 ο.
614 1528 651 1587 de
670 1538 780 1609 raptu:

116 1652 119 1658 -
324 1640 365 1691 -7
391 1609 452 1667 alii
468 1624 646 1691 pmetexere
665 1612 757 1669 mmsis

209 1686 345 1764 Limina,
365 1689 444 1751 etin
464 1693 602 1753 thalamis
622 1694 714 1753 erdtas
731 1694 876 1753 extollere
896 1705 1000 1755 vestes.

112 1774 206 1834 Vide
227 1770 489 1855 Theophylactum
512 1777 544 1835 in
575 1774 629 1835 lib.
652 1794 691 1852 1.,
713 1774 767 1835 ubi
787 1776 958 1835 thalamum
976 1773 1117 1835 Meuricii
1140 1776 1209 1836 Au·

137 1857 206 1917 usti
229 1854 383 1916 describit.
426 1858 534 1917 Graeci
554 1852 716 1929 παστάδας
742 1868 850 1919 vocant
876 1856 1049 1919 huiusmodi
1080 1858 1212 1937 geniales

106 1878 244 2014 ¹lecton
285 1930 427 2015 θάλαμοι
448 1961 522 2001 vero
542 1940 624 2021 apud
644 1962 693 2001 cos
714 1952 786 2001 sunt
805 1940 956 2017 cubicula,
977 1943 1008 2001 in
1021 1939 1131 2020 quibus
1143 1940 1209 2000 col-

112 2020 218 2084 locati
234 2031 309 2163 lsunt
329 2020 362 2082 hi
383 2020 463 2082 lecti.
518 2022 569 2083 Sic
597 2022 723 2084 Basilius
751 2027 784 2084 in
805 2024 829 2084 l.
843 2045 874 2086 a.
901 2024 942 2084 de
957 2022 1073 2085 Thecla
1092 2044 1158 2104 cop.
1175 2022 1207 2083 5.

116 2108 210 2166 etin
248 2125 306 2163 .r.
329 2126 362 2163 ca
387 2126 464 2165 .1n.

211 2186 290 2267 Pag.
303 2126 406 2247 666).
431 2186 518 2270 [aoth
531 2185 574 2270 6]
596 2189 679 2272 Lege
705 2212 774 2251 meo
801 2188 935 2272 periculo
969 2181 1048 2250 κατὰ
1068 2181 1128 2269 τὴνξ
1146 2186 1209 2249 τῶν

116 2268 237 2339 θακῶν
270 2266 374 2342 τάξιν,
401 2291 464 2331 non
488 2268 644 2355 Θρᾳκῶν,
661 2284 696 2333 ut
717 2285 760 2334 est
774 2276 806 2333 in
820 2273 951 2333 editione
969 2272 1109 2353 vulgata,
1130 2263 1215 2353 duae

116 2354 328 2431 interpretem
357 2351 473 2414 fefellit.
524 2354 606 2413 lnlra
632 2356 695 2415 scir
718 2349 844 2437 θρόνων
873 2356 957 2416 dicit.
1012 2352 1111 2414 Poulo
1140 2364 1210 2433 poet

116 2434 318 2497 scribendum
334 2435 456 2497 videtur
475 2436 538 2498 τοῖν
558 2436 598 2519 τῇ
624 2438 736 2517 μογίδι
759 2436 825 2521 idle
856 2433 1091 2513 ἐπιτιθεμένων.
1120 2439 1214 2496 Men-

115 2540 172 2579 sae
204 2519 287 2577 enim
307 2520 402 2579 ternis
432 2529 486 2580 nut
515 2522 666 2601 quaternis
696 2521 835 2604 singulae
862 2532 950 2581 erant
979 2522 1142 2603 oppositae,
1165 2522 1210 2580 ite

117 2612 158 2661 ut
182 2604 313 2681 quisque
333 2602 364 2659 in
393 2603 480 2664 sedili
508 2624 563 2671 suo
594 2604 748 2685 residens,
771 2604 811 2665 de
831 2606 980 2686 impositis
1007 2624 1128 2665 mensae
1148 2602 1211 2663 ser·

119 2680 202 2745 culis
225 2684 382 2743 commode
401 2706 520 2745 sumere
539 2696 650 2765 posset.

208 2764 289 2846 Peg.
304 2766 354 2847 (57.
370 2766 405 2825 C.
432 2764 518 2849 [205‚
543 2764 606 2847 on]
628 2766 757 2845 Ζέρκονν
780 2761 801 2826 d
820 2761 1042 2845 Μαυρούσιος.
1081 2766 1133 2827 De
1149 2766 1211 2829 hoc

120 2850 262 2909 Zercone
282 2850 393 2907 Mauro
410 2850 480 2909 vide
500 2851 625 2908 omnino
649 2850 792 2921 Suidam‚
814 2851 866 2929 qui
879 2860 974 2909 totam
991 2849 1084 2908 huius
1097 2850 1209 2909 Zeroo-

118 2934 169 2993 nis
191 2934 289 2993 vitem
310 2931 402 2990 refert
426 2953 460 2991 ex
480 2932 575 2991 Prisci
597 2932 738 2992 Rhetoris
756 2931 904 3008 historia,
926 2941 962 2990 ut
981 2933 1052 2994 satis
1071 2942 1201 2993 constat.

206 3015 290 3095 Pag.
304 3012 356 3074 68.
376 3014 415 3075 D.
437 3014 526 3097 [no7,
551 3013 608 3098 17.]
630 3010 718 3095 παρὰ
740 3010 927 3089 α’δοιμειτῶν.
970 3016 1053 3076 Leve
1064 3014 1211 3076 mendum

119 3111 219 3161 totam
239 3099 417 3158 sententiam
440 3100 596 3179 corrupit,
617 3098 699 3180 quod
719 3096 896 3158 facillimum
913 3107 978 3157 erat
1000 3096 1065 3158 solo
1091 3096 1208 3157 disiun-

119 3185 224 3244 ctione
253 3180 423 3240 litterarum
460 3182 630 3243 emendare.
672 3182 780 3243 Scribe
807 3182 916 3262 igitur:
959 3174 1048 3257 νεαροὶ
1075 3172 1207 3255 'aldelme

122 3266 187 3327 τῶν
214 3256 316 3343 αὐτῆς
334 3258 529 3343 πραγμάτων
553 3262 608 3345 τήν
636 3258 809 3345 ἐπιτροπὴν
838 3256 961 3340 ἔχοντι,
993 3262 1026 3321 id
1046 3272 1112 3340 est,
1132 3263 1208 3322 tirte-

122 3350 185 3407 rim
194 3350 324 3421 directio,
347 3368 427 3407 uxor
443 3344 567 3420 Attilae,
592 3370 645 3409 nos
664 3349 709 3409 ad
728 3367 852 3409 coenam
872 3346 1016 3407 herbert
1031 3348 1064 3407 τἰι
1085 3343 1208 3405 oedibus

124 3431 257 3505 Adami,
277 3430 480 3513 procuratoris
498 3431 599 3514 ipsius.

364 3512 491 3596 B.[208,
508 3515 576 3616 ιη
585 3506 638 3574 τὸν
655 3512 690 3575 δὲ
703 3511 895 3592 Σοτορνιλον
908 3505 1056 3597 (innodaret
1066 3503 1243 3588 ssdqrdev.
1266 3517 1314 3584 ¹³7

133 3592 145 3615 ‘
178 3512 404 3659 radallrlitlhmh.
443 3594 547 3655 Scribe
570 3593 728 3676 Adqvul‘r.
775 3598 825 3659 stc
845 3596 925 3655 enim
945 3604 1053 3653 vocata
1074 3602 1120 3653 est
1140 3590 1206 3651 Eu-

124 3620 225 3751 docia,
247 3677 409 3739 Theodosii
433 3679 563 3738 lunioris
583 3700 672 3753 uror,
693 3692 770 3742 teste
778 3678 915 3740 Cedreno
931 3688 962 3737 et
973 3678 1103 3736 Zonara.
1143 3674 1208 3735 Pro

125 3759 281 3822 Saturnilo
300 3782 421 3843 quoque
441 3761 639 3822 Saturninum
657 3762 747 3823 scribi
769 3760 900 3823 mallem.
948 3760 1021 3820 Fuit
1050 3760 1130 3819 enim
1150 3756 1207 3819 Sa-

128 3846 269 3905 turninus
296 3844 405 3906 Comes
432 3844 697 3921 Domesticorum,
728 3848 783 3927 qui
815 3846 961 3905 Severum
989 3841 1206 3924 Presbyterum

127 3938 157 3987 et
177 3928 320 3988 loannem
339 3929 528 4004 Diaconum,
551 3950 627 4010 quos
647 3929 782 3989 Eudoeio
807 3928 945 4009 Augusta
965 3926 1042 3985 urbe
1057 3926 1205 3985 Constan-

128 4009 251 4091 tinopoli
273 4009 512 4093 Hierosolymam
532 4032 632 4073 secum
654 4012 845 4086 abduxerat,
873 4012 978 4070 missus
1006 4008 1046 4068 ob
1072 4008 1206 4089 Impera·

129 4102 193 4154 tore
213 4092 381 4157 Theodosio
401 4094 522 4159 occidit.
564 4095 657 4179 Quod
676 4094 801 4179 indiffrc
821 4095 921 4159 ferens
938 4091 1075 4160 Eudocio
1094 4088 1206 4154 mulie·
