3050 4892
448 299 502 365 nx
532 294 844 365 onmurououo.
1099 268 1187 375 463

101 460 244 537 κοοίους,
264 453 334 523 too’
364 448 419 518 ότε
446 454 485 517 δὲ
507 450 626 529 καλεῖς
643 458 864 528 πεντακοσίους
883 449 993 539 πήχεις
1012 449 1190 541 ὀρυσσόμε-

100 582 156 639 τα,
179 551 395 639 δυαβλόζουσι
413 547 450 617 τό
472 546 614 639 ῥεῖθρον,
631 548 730 619 edroi
741 556 799 619 τοό
818 554 950 637 στομίου
971 550 1190 638 προχεόμενοι·

105 660 144 735 ἐξ
166 645 206 719 οὗ
233 652 314 720 κατὰ
342 650 498 736 διαδοχὴν
518 646 701 739 όρυόμεκοι,
723 648 811 729 όσοις
834 648 939 717 κοινόν
956 652 1060 735 γέγονε
1080 648 1115 717 τό
1137 648 1191 737 ἔρα

104 778 184 838 μου,
217 750 276 831 τοὶς
307 753 423 827 οἰκείας
458 748 598 837 α’ροόροις
623 754 802 830 ποτίζουσιν
835 747 866 817 οἱ
892 748 1034 835 γεωργοί.
1072 748 1127 815 καί
1144 744 1191 815 ότι

81 851 146 927 5οἱ
165 847 289 938 όιιιόραι
309 849 362 915 atet
378 857 446 927 τοῖς
464 852 608 936 δένδρεσι
628 850 793 936 plemm-
835 850 891 915 καί
910 844 991 915 ότιό
1013 856 1095 925 σῖτος
1113 872 1193 913 παυ-

103 947 161 1027 τός
180 953 334 1034 κρείσσων
354 952 445 1015 σίτου
467 951 525 1015 καί
552 944 660 1031 χιόνος
680 946 872 1035 λευκότερος,
911 947 968 1015 καὶ
985 944 1034 1014 ότι
1052 945 1120 1015 ἔσθ’
1142 942 1193 1012 ότι

105 1052 160 1125 δίς
193 1050 253 1115 τοῦ
279 1046 371 1125 ἔτους
399 1050 562 1134 σπείρεται
586 1043 608 1133 ἦ
633 1045 749 1134 κριόη,
781 1047 850 1135 τρίς
871 1050 906 1115 δὲ
937 1049 992 1115 aiei
1011 1043 1032 1134 ἦ
1050 1050 1223 1132 κέγχροςῐ)

107 1146 285 1233 ἀρδεύουσι
312 1151 349 1213 di
362 1144 404 1213 τό
422 1144 519 1232 γηδια
540 1142 644 1213 αόττόι
672 1148 708 1212 ἐν
725 1146 817 1229 θέρει
836 1150 895 1229 μὲν
915 1144 970 1213 dmi
990 1151 1096 1234 τρίτης
1114 1142 1194 1233 sipi-

108 1270 186 1333 ρας,
206 1249 241 1313 ἐκ
258 1251 394 1330 χειμόόυι
412 1250 451 1313 δὲ
479 1243 534 1310 διό
553 1248 661 1329 ἕκτης,
683 1247 718 1325 ἐξ
737 1238 779 1309 osi
798 1243 854 1311 uui
871 1245 893 1333 ἢ
913 1241 1050 1333 εόφορία
1068 1247 1198 1331 γίνεται.

67 1348 169 1417 auset
187 1340 235 1409 ότι
256 1341 407 1411 motum
423 1347 578 1430 σοκυεφία
597 1347 727 1427 γίνεται.
754 1348 812 1409 καί
829 1343 906 1431 περὶ
920 1348 983 1411 τοῖοι
1000 1348 1197 1425 ποιουμένων

109 1446 216 1510 ositeri
241 1443 432 1528 uipoluysiov.
472 1446 556 1529 λέγει
587 1448 615 1509 δ’
645 1438 697 1508 ότι
722 1446 817 1528 νῆσος
842 1442 878 1510 τό
909 1444 1048 1511 παλαιόν
1065 1435 1116 1530 ἦν,
1142 1446 1199 1507 κατ’

110 1538 345 1630 ἅπεχερσοόθη,
366 1546 421 1608 καί
453 1566 503 1609 οτι
533 1538 651 1628 ταότηκ
675 1550 768 1609 καλεῖ
775 1542 945 1630 Ἡρόδοτος
969 1543 1123 1630 μακόρωκ
1142 1534 1223 1628 vri?

109 1667 198 1719 σους·
235 1640 418 1729 Ἡρόδωρος
436 1644 484 1725 δὲ,
512 1638 536 1705 ό.
549 1640 609 1727 τὴν
624 1642 764 1729 Ὀρφέως
792 1641 848 1708 καί
867 1646 1039 1709 Μουσαίου
1060 1642 1197 1727 συγγρά-

110 1761 181 1827 ψας
200 1740 361 1827 ἱστορίαι,
383 1744 546 1807 Φαιακίδα
571 1736 689 1826 ταότην
721 1746 820 1807 καλοί.
858 1752 1024 1829 τεκμηριοῖ
1048 1742 1084 1807 tl
1102 1744 1196 1827 υῆσοτι

68 1839 216 1928 murinis·
233 1844 393 1928 γεγονέναι
433 1838 469 1905 ἔκ
505 1864 541 1905 τε
565 1844 622 1907 τοῦ
649 1832 789 1927 όοτρακοι
816 1840 979 1908 θαλάσσια
999 1842 1056 1907 καὶ
1080 1834 1197 1925 ὄστρεα

111 1941 217 2018 λίθοις
235 1944 293 2007 τοῦ
313 1934 409 2027 ὅρους
428 1929 726 2026 προσσεαλασμίυα
740 1939 947 2026 εὑρίσκεσθαι
980 1942 1039 2007 rosi
1070 1941 1124 2004 ἒιτί
1141 1936 1200 2022 τὴν

102 2032 218 2107 Ὀασιυ
246 2039 310 2105 ‹ini›
336 2042 390 2125 τῆς
411 2041 571 2123 Θηβαΐδος
602 2040 751 2127 φέροντος
758 2087 770 2123 ,
801 2036 948 2125 δεύτεροι
968 2032 1016 2105 ότι
1043 2034 1198 2120 manuve

113 2138 214 2224 πολλοὶ
254 2140 431 2221 ἐπεκχεῖται
468 2138 538 2220 οἴετ’,
567 2142 623 2203 κατ’
657 2136 717 2214 τός
746 2146 833 2223 τρεῖς
864 2138 1045 2223 ἀναπληροῖ
1067 2133 1237 2211 varstan
1252 2148 1297 2203 151

116 2237 281 2325 τρεῖςηόρ
302 2260 400 2323 φησιν
415 2234 540 2314 Ὀόσεις
559 2240 616 2303 καί
634 2235 734 2315 ου’τός
755 2233 861 2319 εἶναι,
882 2236 941 2302 δόο
960 2237 1124 2321 μεηόλας,
1144 2234 1202 2319 τὴν

65 2340 176 2421 αομόκ
193 2338 344 2423 ἔξωτὲρω,
364 2335 423 2420 τὴν
438 2339 474 2403 δὲ
494 2340 648 2423 ἐσωτέρω,
668 2334 859 2423 καταντικρό
871 2338 1019 2419 κειμένας
1040 2335 1202 2420 ἀλλήλαις,

115 2433 327 2512 narratum,
364 2436 410 2512 εἷς
438 2432 550 2501 ἑκατόν
581 2445 699 2520 σημεῖα
731 2438 786 2502 τοῦ
801 2468 809 2481 ·
821 2435 939 2519 μεταξό
980 2430 1195 2520 διαστήματος.
1206 2450 1235 2505 Ρ.
1247 2466 1279 2507 aa

116 2532 242 2601 ἔστιδὲ
268 2533 327 2601 καὶ
355 2529 435 2620 ἄλλη
462 2539 552 2622 τρίτη
581 2534 694 2623 μικροὶ,
722 2539 828 2624 πολληό
850 2534 1041 2619 διαστήματι
1059 2538 1122 2600 τιόκ
1142 2531 1201 2599 δόο

115 2635 342 2721 κεχωρισμένη.
382 2637 515 2719 λέγωδὲ
535 2636 580 2711 εἷς
600 2634 706 2702 κίστιι
720 2640 778 2701 τοῦ
797 2639 892 2721 νῆσοι
910 2639 1068 2720 γενέσθαι,
1079 2630 1130 2700 ότι
1147 2640 1204 2701 κατ’

118 2826 155 2880 ad
173 2826 336 2897 quingentos
362 2824 469 2879 cubitos
495 2802 592 2891 lucta:
605 2828 778 2897 scaturiginis
798 2828 871 2879 rivos
894 2842 943 2897 per
960 2828 1096 2880 orificium
1114 2828 1202 2878 ellun-

120 2898 205 2950 dunt:
225 2895 299 2947 unde
317 2912 367 2964 per
384 2898 456 2948 vices
474 2898 514 2959 ii,
537 2898 586 2969 qui
610 2901 749 2951 communi
774 2895 868 2949 laboro
887 2912 955 2969 opus
972 2897 1113 2961 lecerunt,
1133 2896 1202 2948 hau-

118 2969 214 3031 rient,
231 2974 261 3017 et
278 2981 341 3018 arra
369 2982 417 3019 sua
435 2968 541 3036 rigant,
567 2970 711 3035 agricolae.
756 2966 876 3019 'Arbores
899 2974 1033 3038 perpetuo
1061 2966 1102 3019 ibi
1122 2982 1203 3035 poma

117 3038 205 3089 ferre:
228 3044 257 3088 et
280 3036 444 3089 frumentum
469 3038 530 3089 illic
551 3034 646 3090 nitum
674 3038 749 3087 omni
767 3037 904 3090 frumento
935 3052 993 3089 esse
1018 3039 1202 3106 praestantius

118 3108 237 3178 niveque
256 3104 407 3160 candidior.
442 3107 580 3160 intertium
600 3109 643 3161 bis
667 3106 815 3177 quotannis
833 3106 966 3159 hordeum
983 3106 1025 3159 ibi
1042 3108 1112 3171 seri,
1129 3106 1205 3157 mili-

119 3194 167 3229 um
192 3184 293 3229 antem.
309 3184 444 3246 perpetuo
470 3187 520 3231 ter.
555 3178 650 3247 Rigare
668 3176 771 3230 incolas
788 3175 896 3229 ruscula
915 3193 964 3230 sua
987 3184 1091 3229 aestate
1117 3176 1201 3229 tertio

121 3264 232 3318 quoque
251 3246 313 3311 die,
331 3245 423 3301 hieme
440 3257 527 3312 sexto,
544 3256 627 3321 atquc
643 3249 709 3303 irinc
726 3254 830 3301 mntem
843 3256 931 3301 terrae
949 3248 1122 3301 fertilitatem
1137 3262 1202 3299 eon-

119 3318 217 3371 eitiart
254 3316 401 3388 Nunquam
426 3318 468 3371 ibi
490 3319 597 3372 coelum
622 3317 709 3372 nubes
737 3315 906 3372 contrahere.
946 3318 990 3373 Ad
1009 3316 1078 3370 hacc
1097 3315 1133 3370 de
1150 3316 1203 3370 ho-

120 3387 252 3456 rologiis,
276 3404 348 3460 quae
376 3388 480 3442 ibidem
504 3391 694 3443 coniiciuntur.
739 3390 832 3443 Oaaim
849 3398 983 3442 memorat
1003 3388 1120 3441 insulam
1138 3388 1206 3440 olim

121 3458 223 3519 luisse,
240 3466 323 3529 atquc
341 3475 357 3510 a
375 3463 536 3514 continente
559 3458 712 3523 divulsam,
737 3460 911 3530 eandemque
934 3460 970 3511 ab
994 3456 1136 3512 Herodoto
1154 3474 1204 3509 ro-

122 3529 329 3583 curilleaturum
345 3530 473 3595 insulam,
491 3529 525 3582 ab
535 3530 675 3584 llcrodoro
693 3540 786 3583 autem
803 3546 851 3591 eo,
870 3529 919 3600 qui
929 3528 1034 3597 Orphei
1052 3544 1084 3581 ac
1097 3526 1204 3579 Musaei

120 3600 282 3667 conscripsit
297 3600 450 3664 historiam,
467 3601 603 3655 nominari
622 3599 808 3654 Phaeacidem.
844 3600 964 3653 Insulam
985 3607 1048 3653 ante
1066 3600 1152 3653 luisse
1169 3615 1204 3651 ex

122 3686 157 3721 eo
180 3671 349 3723 coniecturas
373 3671 466 3735 ducit,
489 3671 565 3743 qnod
592 3680 680 3724 testae
697 3669 819 3723 marinae
843 3678 872 3723 et
888 3678 977 3723 ortrea
992 3668 1134 3739 lapidibus
1154 3668 1205 3721 ad·

121 3738 266 3791 haerentia
281 3741 312 3791 in
329 3758 364 3795 eo
381 3751 475 3795 monte
488 3741 670 3803 inveniantur,
686 3744 736 3811 qui
754 3758 788 3794 ex
798 3739 943 3793 Thebaide
960 3741 990 3793 in
1008 3740 1101 3793 Onsim
1119 3738 1204 3792 ducit.

122 3809 231 3864 Deinde
253 3810 349 3876 etiam,
367 3812 443 3883 quod
460 3820 594 3883 perpetuo
612 3812 722 3881 copiose
741 3812 785 3864 ibi
802 3827 882 3863 arena
907 3819 1002 3873 scatet,
1021 3820 1130 3883 tresque
1149 3812 1205 3865 Oa-

122 3897 166 3934 scs
183 3880 281 3949 replet.
315 3881 385 3935 Nam
403 3884 486 3936 etiam
502 3882 563 3953 ipre
580 3891 635 3936 tres
642 3882 727 3933 Ουτοι
744 3898 805 3935 esse
823 3882 918 3944 tradit,
935 3882 1000 3935 duas
1019 3898 1137 3950 magnac,
1155 3898 1206 3933 ex-

122 3951 371 4014 tartarearum,
394 3955 508 4008 alteram
527 3956 699 4012 interiorem,
728 3967 744 4002 e
760 3952 872 4023 regione
887 3952 941 4005 sibi
960 3952 1075 4005 invicem
1093 3954 1205 4021 opposi-

124 4028 181 4081 tas,
204 4028 314 4074 eentum
339 4024 489 4078 miliarium
519 4026 609 4094 spatio
634 4024 794 4086 interiecto,
821 4037 882 4073 cum
907 4022 989 4075 tertia
1007 4039 1104 4092 persa,
1121 4021 1204 4090 longo

124 4092 274 4155 interstitio
297 4093 333 4145 ab
360 4096 455 4148 alteris
489 4095 596 4150 duabus
623 4100 755 4165 τερατεία.
790 4093 906 4163 Insuper
931 4092 984 4147 laoe
1010 4096 1093 4147 etiam
1122 4109 1206 4163 argn-

124 4172 216 4219 mto
233 4163 353 4219 irratam
377 4164 462 4221 fnisse
487 4166 587 4233 uadit,
610 4163 685 4237 qnod
711 4178 908 4234 saepenumero
932 4163 1053 4231 accidit,
1070 4172 1102 4217 ut
1117 4164 1205 4235 pisces
