3050 4892
314 254 399 341 526
591 234 792 345 ruscum
820 275 1114 341 senseramus.

313 440 377 503 Nec
397 442 480 523 prius
501 440 608 500 enituit
632 438 749 523 pictus,
770 456 862 519 quam
880 445 959 496 tecta
980 434 1098 508 salute,

314 542 361 603 Ex
381 544 532 623 insperato
552 536 676 599 dederat
695 558 788 620 quum
807 536 927 596 Numen
948 533 1085 616 Olympi.
1338 525 1402 597 285

309 638 383 701 ‘Hoc
401 660 453 699 rex
473 640 662 721 omnipotens
681 639 713 697 in
734 634 821 696 vobis
840 638 904 717 ipse
925 632 1087 716 probavit,
1137 718 1140 722 ἴ

315 739 378 816 Qui
398 738 513 821 peperit
532 737 703 813 mundum,
723 736 776 817 qui
798 732 913 794 lumine
932 742 1042 794 cuncta
1062 742 1188 808 tuetur,

316 838 415 916 Quem
436 835 571 898 recolens
590 835 691 897 animo
710 836 864 896 veneraris
882 844 1002 915 tempus
1019 834 1052 892 in
1070 850 1183 909 omne,

315 936 498 1021 Pignoribus
520 936 617 1017 'dignis
634 934 792 996 decoratus
810 933 962 1014 sanguinis
981 934 1056 1013 apti.

398 1035 474 1096 Num
494 1034 568 1117 quid
588 1053 821 1095 commemorem
840 1030 929 1093 Pauli
950 1031 1107 1092 mitissima
1126 1027 1241 1110 corda,

318 1134 418 1212 Quem
438 1132 493 1194 tibi
513 1134 667 1215 coniungit
686 1134 840 1192 munimen
862 1129 960 1192 laudis
977 1130 1138 1209 honestas,

316 1233 385 1293 Non
403 1230 500 1295 solum
519 1234 636 1316 generis
655 1230 818 1293 venerandi
838 1230 960 1291 vincula
983 1234 1096 1291 sacra?

316 1332 396 1393 Nam
416 1352 514 1393 mores
532 1332 668 1414 sequitur
687 1328 853 1391 mediocres
873 1340 994 1412 pectore
1014 1336 1110 1391 casto.

400 1431 465 1493 Ore
484 1448 591 1491 cenam
611 1450 744 1513 quonam
765 1431 883 1512 pietatis
905 1428 1038 1491 culmina
1057 1438 1178 1510 tantae,

261 1534 266 1539 ’
319 1530 390 1608 Qua
407 1529 508 1592 statris
527 1540 615 1590 natos
634 1531 736 1591 animo
755 1528 960 1612 complecteris
981 1550 1101 1610 aequo,
1288 1597 1293 1605 ¹
1341 1524 1404 1609 ⁹9⁵

318 1630 386 1691 Non
408 1632 509 1711 patrui
526 1639 669 1709 tuntum,
686 1626 739 1690 sed
757 1631 849 1712 patris
866 1638 950 1689 more
966 1625 1113 1688 colendo?

324 1727 430 1790 lndole
450 1748 525 1812 quos
549 1732 647 1790 nutris
663 1727 770 1811 dignos
788 1739 819 1789 et
840 1730 933 1809 stirpe
952 1738 1124 1809 parentum.

318 1826 444 1910 Hypetii
460 1832 551 1889 vestri
568 1828 696 1889 referam
712 1828 870 1889 fortissima
890 1826 985 1903 facta,

319 1927 382 2004 Qui
404 1926 560 2010 Scythicas
579 1939 681 2009 gentes
703 1928 777 2009 ripis
796 1925 920 2009 depellit
936 1926 976 1986 eb
995 1926 1110 2004 Histri,

319 2025 420 2105 Quem
434 2026 509 2087 vidit
522 2026 662 2087 validum
675 2026 826 2100 Parthus,
848 2028 1000 2108 sensitque
1016 2025 1211 2086 timendum?
1349 2022 1407 2086 30⁰

404 2125 488 2202 Quas
503 2124 606 2186 leudes
622 2128 743 2185 meritos
760 2124 915 2208 Augustae
937 2124 1037 2185 dicere
1057 2125 1198 2206 possim?

320 2220 437 2283 Auctor
458 2244 536 2305 quae
553 2222 650 2284 fireret
670 2234 827 2285 tentorum
841 2232 872 2285 et
891 2246 981 2286 causa
1004 2224 1175 2303 bonorum,

320 2320 405 2381 Dum
420 2324 553 2403 putrium
577 2324 677 2384 munit
697 2334 761 2384 tam
777 2324 865 2384 firmo
886 2326 1021 2407 principe
1040 2345 1187 2406 regnum,

320 2418 533 2501 Permittitque
550 2424 617 2482 viro
636 2422 786 2482 mundum
803 2444 926 2505 seseque
944 2424 1101 2485 tuendam.

321 2516 367 2579 Ex
391 2520 472 2579 omui
489 2539 592 2581 sensus
605 2522 718 2582 invicta
735 2523 877 2605 cupidine
892 2544 1006 2605 prava,
1245 2524 1270 2572 1
1350 2518 1409 2581 5οὸ

321 2615 415 2677 Cuius
426 2615 506 2678 sama
520 2618 588 2699 piae
610 2619 753 2702 vulgatur
763 2604 810 2682 'in
831 2622 972 2683 omnibus
985 2624 1058 2684 oris.

321 2713 395 2777 Plus
415 2714 486 2777 fecit
508 2738 600 2799 quum
623 2716 705 2800 quod
724 2740 810 2782 serus
829 2734 1014 2789 concesserat
1032 2720 1101 2801 illi,
1488 2783 1489 2786 ,

322 2813 459 2875 Provide
474 2835 545 2876 cum
564 2827 683 2880 tautum
704 2820 841 2897 Romano
865 2820 981 2903 profuit
999 2821 1076 2885 orbi.

406 2915 548 2994 Numen,
569 2917 651 2999 quod
672 2918 815 2999 caelum,
836 2931 948 2982 terram
971 2932 1160 3004 pontumque
1178 2920 1304 2993 revisit,

323 3012 467 3078 Ausoniis
481 3026 581 3077 servet
601 3020 701 3101 regnis
719 3017 794 3079 haec
807 3041 934 3080 munera
950 3040 1085 3102 semper,
1349 3015 1410 3076 διο

323 3112 542 3197 Barbariaeque
556 3115 636 3179 ferae
657 3118 777 3200 capiant
802 3122 871 3200 iuga
889 3140 961 3180 vera
979 3120 1141 3201 subactae,

327 3211 466 3295 Votaque
485 3214 643 3277 firmentur
657 3216 761 3300 populi
785 3220 940 3302 sanctique
959 3230 1092 3281 senatus.
