3050 4892
328 325 428 389 liVlll
733 323 788 385 DE
821 318 1012 386 nuilleio.

329 480 385 543 καὶ
405 473 463 564 (αἱς
482 466 522 540 tir
542 497 591 552 τις
612 469 709 563 εἴποι)
743 468 836 548 ἄλλος
855 469 936 554 μετά
955 494 1038 548 τινος
1056 474 1230 558 σαφηνείας
1255 474 1420 542 Oeneos.

330 579 403 664 διγς,
424 573 564 658 μάλιστά
584 599 620 659 γε
640 577 675 640 ἐν
693 583 763 649 τοῖς
784 577 956 647 Σκυθικοῖς
974 571 1137 656 ἱστορίαις.

413 679 570 740 Euristus
588 697 667 760 quae
687 675 725 737 de
746 675 904 738 Chronicis
923 676 1052 757 Dexippi
1074 675 1179 750 docet,
1203 697 1316 760 quaere
1335 678 1419 740 inira

329 801 362 865 p.
378 777 429 844 56.
443 799 526 861 seqq.

410 877 514 950 Idem,
540 876 573 936 in
592 876 656 936 vita
676 875 842 959 Porphyrii
867 874 925 935 snb
946 873 1058 934 finem:
1094 868 1170 946 τοδς
1187 868 1322 957 χρόνους
1345 872 1423 957 (τοῦ

329 975 524 1059 Πορφυρίου
545 969 630 1055 βίου)
659 972 693 1048 ἐς
714 973 745 1036 Γ
743 967 891 1055 αλλιηνιὶν
910 971 966 1033 καὶ
986 965 1150 1049 Κλαύδιον
1169 966 1304 1049 εἰκάζειν
1323 974 1421 1034 συνδ.

328 1068 454 1158 finirer,
490 1069 623 1136 Τοίκιτόν
649 1093 683 1136 τε
702 1073 759 1134 καί
785 1067 994 1154 Αδρηλιανδν
1012 1067 1068 1132 καὶ
1086 1064 1236 1154 Πρόβον·
1265 1072 1338 1132 καθ’
1358 1063 1422 1143 orig

326 1166 368 1256 ἦν
395 1171 449 1234 καὶ
475 1171 630 1246 Δέξιππος
659 1166 753 1252 δτῆν
769 1164 920 1254 χρονικῆν
940 1164 1083 1251 ἱστορίαν
1103 1166 1308 1250 συγγράψας,
1334 1159 1417 1253 ιὶνὶγρ

328 1268 454 1353 οἱποὶσης
473 1268 620 1344 παιδείαις
639 1292 675 1333 τε
695 1267 750 1333 καὶ
770 1262 935 1348 δυνάμεως
955 1270 1079 1350 λογικῆς
1102 1265 1278 1340 ἀνάπλεως.

411 1373 574 1434 Essemus
601 1371 674 1433 hist.
696 1370 772 1432 eccl.
792 1371 834 1430 V.
859 1367 938 1448 πίε
961 1351 1017 1429 κὶιὶ
1040 1368 1187 1455 Δεξίππῳ
1216 1367 1254 1431 δὲ
1283 1371 1419 1432 πλείστα

328 1471 405 1556 περὶ
427 1463 546 1534 τούτων
566 1467 758 1552 πεπόνηται,
779 1463 842 1530 οἶπδ
864 1467 1011 1548 μυθικῶν
1030 1465 1209 1554 ἀρξαμένῳ,
1229 1465 1287 1529 κοὶ
1303 1467 1420 1549 λήξαν-

328 1591 360 1632 τι
381 1568 414 1642 ἐς
433 1563 492 1650 τὴν
512 1565 680 1632 Κλαυδίου
695 1567 755 1630 τοῦ
774 1562 854 1647 μετοὶ
877 1566 906 1628 Γ
904 1560 1048 1647 αλλιηνδν
1067 1567 1253 1645 βασιλείαν·
1273 1552 1299 1652 ᾧ
1318 1589 1419 1628 συνα-

328 1671 491 1751 νείληπται
519 1667 594 1750 περὶ
620 1655 667 1729 triv
698 1661 832 1751 Κοὶρποι
864 1661 921 1726 καὶ
949 1662 1043 1747 ἕτερα
1061 1657 1210 1746 βάρβαρα
1233 1657 1312 1748 ἔθνη
1332 1659 1417 1728 κατοὶ

327 1763 385 1850 τήν
399 1763 533 1829 Ἑλλάδα
553 1765 607 1827 καὶ
629 1761 755 1852 Θρᾴκην
774 1766 831 1826 καί
845 1761 967 1826 Ἰουνίου
983 1762 1243 1840 διαπολεμοῦντες
1263 1759 1418 1846 ἔπραξαν.

330 1867 483 1952 (Scythica
503 1867 554 1928 hic
576 1867 702 1926 innuere
721 1865 864 1938 videtur,
887 1885 949 1924 non
969 1864 1192 1924 chronicorum
1211 1866 1352 1947 partem.)

410 1967 521 2028 Sumrs
540 1988 565 2027 s.
587 1986 619 2026 v.
642 1963 818 2041 Δέξιππος,
840 1963 1020 2041 Δεξίππου,
1048 1956 1230 2042 δἙρέννιος
1254 1967 1418 2045 χρηματί·

328 2086 408 2144 σας,
427 2063 594 2146 Ἀδηναῖος
613 2056 740 2147 ῥήτωρ,
761 2057 895 2143 γεγοναὶς
915 2057 970 2122 ἔπὶ
987 2061 1202 2142 Βαλοριανοῦ,
1223 2058 1279 2123 καὶ
1296 2060 1327 2123 Γ
1325 2067 1415 2124 αλλι-

327 2164 423 2244 ηνοῦ,
445 2159 500 2224 καὶ
519 2160 687 2224 Κλαυδίου
710 2159 881 2243 δευτέρου,
903 2157 960 2220 καὶ
977 2157 1202 2243 Αδρηλιοινοδ,
1234 2161 1298 2225 τῶν
1319 2165 1417 2244 βασι·

329 2263 409 2324 λέων
425 2248 601 2340 Ῥώμαίοον.

412 2361 597 2424 Tararnsrus
613 2359 750 2434 Potnro,
773 2361 807 2428 in
828 2357 987 2438 Gallieno,
1013 2358 1081 2437 τίη
1105 2360 1197 2421 Gothi
1219 2360 1361 2444 Cyzicum
1383 2376 1414 2425 et
1437 2434 1439 2441 ,

329 2457 453 2534 Asiam,
475 2459 617 2542 deinceps
638 2458 787 2520 Achaiam
805 2479 944 2534 omnem,
964 2470 1178 2536 vastaverunt,
1203 2471 1233 2520 et
1253 2460 1294 2521 ab
1316 2461 1415 2524 Athe-

328 2557 492 2634 niensibus,
509 2558 584 2620 duce
594 2560 741 2642 Dexippo,
759 2559 905 2640 scriptore
913 2557 1026 2618 horum
1038 2569 1223 2641 temporum,
1244 2561 1317 2622 victi
1330 2573 1412 2622 eunt.

390 2792 837 2891 EUNAPIUS‚'sophistarum
851 2806 922 2867 vitis
934 2805 1042 2883 clarus,
1053 2817 1142 2867 natus
1153 2806 1297 2869 Sardibus
1307 2807 1413 2892 αόδγ,

328 2908 458 2993 Derippi
470 2910 627 2971 historiam
641 2912 683 2970 ita
697 2909 899 2982 continuavit,
919 2918 954 2966 ut
967 2929 1043 2988 opus
1054 2929 1142 2968 suum
1157 2902 1237 2985 μετιὶ
1257 2910 1415 2981 Δέξιππον

328 3007 478 3091 χρονικὴν
500 3002 644 3091 ἱστορίαν
665 3007 843 3077 inscriberet
859 3005 911 3086 ¹⁴).
955 3006 991 3068 ld
1013 3007 1088 3067 XIV
1108 3007 1202 3069 libros
1219 3009 1413 3088 continebat,

329 3130 459 3191 quorum
480 3109 578 3190 primo
606 3129 654 3168 res
684 3107 723 3167 ab
746 3129 866 3168 excessu
897 3105 1017 3166 Claudii
1041 3107 1162 3168 Gothici
1190 3106 1228 3167 ad
1261 3107 1414 3171 lulianum

329 3208 406 3291 lmp.
430 3219 526 3291 gestas
548 3205 738 3288 complexus,
762 3209 869 3267 ceteris
889 3206 1002 3284 huius,
1026 3227 1116 3288 quem
1138 3208 1212 3289 ipse,
1232 3217 1338 3290 utpote
1357 3230 1415 3291 pm

328 3309 423 3367 veteri
444 3306 588 3389 religione
609 3304 870 3367 vehementissime
889 3305 1049 3383 animatus,
1070 3293 1214 3387 tanquam
1234 3305 1335 3366 Deum
1358 3307 1417 3368 ali-

329 3424 432 3485 quem,
456 3405 590 3466 hnmano
608 3405 708 3487 generi
730 3405 966 3478 commodatum,
981 3404 1110 3481 colebat,
1128 3403 1298 3477 historiam,
1321 3427 1416 3488 quae-

329 3525 388 3586 que
408 3503 547 3586 deinceps
567 3503 725 3566 subsecuta
738 3514 820 3579 sunt,
843 3506 961 3587 copiose
972 3507 1107 3565 narravit
1118 3503 1167 3583 ¹⁵).
1192 3505 1302 3566 Finem
1315 3507 1416 3588 operis

330 3602 363 3662 in
381 3599 434 3662 illo
454 3613 587 3684 tempore
607 3603 713 3664 fecisse
733 3623 795 3685 quo
815 3602 848 3662 S.
871 3602 1021 3664 lohannes
1043 3601 1275 3685 Chrysostomus
1298 3605 1331 3664 iu
1352 3606 1414 3665 exi·

329 3698 405 3760 lium
424 3699 528 3782 pulsus
550 3713 617 3781 est,
651 3723 678 3768 a.
699 3698 775 3761 Chr.
798 3698 881 3780 404,
906 3701 1036 3762 Photius
1055 3701 1143 3762 docet
1156 3699 1208 3782 ¹⁶).
1242 3703 1299 3764 Cui
1320 3719 1413 3786 repu-

329 3821 422 3881 gnare
441 3799 562 3882 quidem
583 3801 727 3861 videntur
747 3800 884 3883 eclogae,
907 3803 940 3861 in
962 3801 1071 3884 quibus
1092 3804 1132 3884 (p.
1159 3801 1212 3886 96.
1234 3823 1267 3863 n.
1290 3804 1353 3886 70.)
1375 3801 1415 3864 de

328 3898 507 3960 Pulcheriae
529 3899 682 3982 Augustae
713 3901 839 3962 avaritia
860 3921 958 3962 sermo
980 3911 1047 3980 est,
1068 3922 1145 3984 quae
1162 3901 1272 3963 mulier
1290 3903 1415 3962 demum

329 4019 358 4058 a.
384 3997 459 4077 414.
490 3999 650 4082 imperium
679 4001 857 4083 capessivit:
901 4002 1026 4063 minime
1054 4010 1163 4080 tamen„
1177 4002 1249 4064 inde
1275 3999 1415 4087 colligere

348 4148 393 4220 ιλ)
410 4147 493 4201 Teste
515 4149 631 4215 Photis,
653 4159 681 4204 et
708 4153 889 4224 inscriptione
914 4153 1066 4221 eclogarum
1086 4151 1121 4204 δι
1147 4153 1298 4206 sententiis.
1372 4151 1417 4223 15)

398 4216 551 4291 Eunapiue,
568 4221 656 4287 inira,
673 4237 701 4293 p.
723 4223 766 4277 ar.
841 4222 931 4297 16)v.
950 4221 1014 4276 intr.
1032 4225 1063 4278 in
1080 4223 1252 4279 testimoniis.
