3050 4892
353 270 433 355 562
633 292 806 357 rnnrrrr
834 286 973 353 mnan
999 282 1139 351 noras

349 455 454 515 nitito
478 452 558 513 verti
585 448 691 512 debuit
727 470 789 509 non
820 449 875 531 qui
904 446 1051 521 dictant,
1086 443 1140 505 sed
1171 443 1227 527 qni
1256 442 1437 507 Ploddiom

348 540 439 599 danie
461 556 605 607 atrorem,
626 554 707 593 anno
728 531 841 592 seilicet
859 530 1003 589 dominici
1022 527 1131 590 natalis
1151 524 1224 607 4¹7·

432 620 510 700 Pag.
526 618 556 679 5.
572 622 613 680 A.
636 612 783 699 [d5o,9·]
804 614 1015 693 Rbndogoisrm
1055 610 1158 691 Vulgo
1178 609 1368 692 Radagaisns
1386 623 1437 672 etit

349 704 555 785 Rhadngaisus
576 702 688 760 dicitur
706 708 809 758 sancto
821 698 1005 778 Augustino,
1027 695 1176 775 Prospero
1187 703 1334 789 utrique,
1355 696 1438 755 Man.

351 788 478 863 cellino,
508 784 687 845 Cassiodoro
708 780 845 862 aliisque.
886 781 1016 839 Orosius
1034 778 1117 837 hunc
1136 796 1273 837 nmmum
1294 781 1362 837 an'

351 885 420 931 rum
440 870 703 951 praesentiumque
727 862 862 924 hostium
881 862 971 944 longe
1003 862 1253 920 immanissimum
1404 874 1437 933 t,

351 957 425 1037 qui,
455 962 491 1011 ut
520 973 585 1011 mos
616 950 775 1021 barbaris,
805 948 933 1006 Romani
953 947 1071 1028 generis
1089 944 1268 1025 sanguinem
1285 943 1360 1005 Diis
1378 946 1440 1007 suis

352 1036 514 1119 propinare
534 1035 718 1095 decreverat.

437 1120 515 1197 Pag.
538 1118 568 1179 5.
592 1116 634 1175 A.
660 1114 746 1198 [45o‚
767 1110 815 1195 9.]
837 1109 1032 1195 aspasium
1062 1101 1229 1185 dutrpdtot
1253 1106 1438 1171 ἐκαλοῦντο.

352 1201 525 1263 Fridericus
544 1197 723 1281 Sylburgius
745 1216 908 1281 procerem
939 1192 1077 1263 Andreas
1099 1192 1242 1253 Srbottos
1264 1192 1439 1255 Priman'or

351 1288 434 1344 vri-ns
453 1282 562 1343 reddit.
605 1282 798 1342 Recentiores
827 1278 934 1338 Graeci
959 1271 1142 1374 κεφαλᾰδας
1176 1274 1347 1338 Praefectos
1384 1298 1441 1338 ca-

311 1364 314 1369 ’
352 1378 484 1427 stromm
505 1375 559 1424 aut
578 1364 709 1426 militum
729 1362 823 1421 duces
843 1382 879 1421 ac
890 1370 1080 1421 centuriones
1100 1358 1254 1441 appellant
1270 1359 1338 1438 „de
1364 1364 1442 1443 qni·

352 1448 410 1509 bus
431 1447 554 1507 consule
575 1446 725 1508 Glossaria
746 1444 869 1527 Rigattii
885 1454 916 1503 et
936 1443 1071 1503 Meursii.
1259 1470 1268 1479 ·

436 1530 515 1611 Png.
525 1531 555 1591 5.
572 1532 606 1591 B.
624 1530 712 1613 [450,
731 1526 794 1609 rm]
814 1521 1028 1608 Ἀδάουλφος.
1067 1525 1183 1585 latinis
1202 1524 1314 1585 dicitnr
1328 1524 1443 1587 Atanl·

352 1612 423 1692 fus,
444 1616 505 1673 imo
528 1624 558 1673 et
579 1614 721 1685 Graecis,
744 1611 883 1686 Zosimo,
903 1610 1070 1669 Sonomeno
1091 1620 1122 1669 et
1137 1618 1262 1668 auctore
1274 1608 1441 1686 Chronici,

352 1700 403 1757 cui
427 1696 632 1757 Alexandrino
653 1716 766 1755 nomen
786 1704 841 1766 est,
864 1692 1032 1752 indictione
1057 1691 1162 1768 Xlll„
1183 1692 1324 1752 Honorio
1344 1693 1388 1751 X.
1410 1704 1442 1753 et

352 1780 524 1840 Theodosio
532 1781 589 1839 vt,
613 1780 713 1859 Augg.
736 1776 834 1837 Coss:
855 1774 932 1855 pipi
949 1772 980 1835 Γ
977 1774 1110 1858 opntar'p
1122 1774 1162 1857 τῇ
1183 1768 1244 1852 πρὸ
1261 1769 1289 1854 η’
1306 1774 1443 1835 Καλαν-

355 1859 419 1923 δῶν
432 1860 634 1961 Ὀκτωβρίων
649 1859 753 1941 ἡμέρα
770 1857 954 1942 παρασκευῇ
969 1852 1115 1937 ἐδηλώθη
1136 1856 1317 1940 ἀνῃρῆσθαι
1346 1855 1443 1920 Ἀω-

356 1946 475 2027 noiomi
494 1947 667 2026 βαρβαρων.
708 1920 928 2023 Philostorgins
946 1936 1154 2021 ’Adooaiipor
1170 1938 1324 2021 appellat,
1345 1951 1378 2003 et
1400 1939 1443 2001 ab

315 2070 319 2085 .
354 2026 576 2111 Olympiodoro
596 2038 700 2088 nostro
721 2025 786 2086 solo
807 2024 944 2084 dissentit
963 2032 1099 2081 accentu.

438 2110 515 2192 fag,
543 2110 572 2173 5.
596 2112 632 2171 B.
653 2108 738 2193 [45⁰2
763 2106 826 2189 ip]
856 2106 904 2166 De
924 2105 1120 2165 Constantino
1149 2106 1296 2188 Tyranno
1323 2118 1444 2187 praeter

354 2192 565 2253 Marcellinum
587 2193 699 2275 lllyric.
722 2194 754 2251 in
776 2191 888 2250 Chion.
911 2189 969 2249 suh
988 2188 1148 2249 consulatu
1169 2190 1298 2250 Honorii
1321 2190 1383 2249 lx.
1414 2200 1443 2249 et

355 2275 518 2335 Theodosii
552 2278 627 2353 lV.,
653 2276 784 2335 ldstiurn
802 2278 835 2333 in
863 2274 962 2333 Fastis
991 2282 1022 2331 et
1041 2272 1174 2351 Chrom,
1200 2274 1392 2415 Prosperum
1413 2274 1442 2333 m

353 2355 438 2417 Fast.
462 2358 599 2417 similiter
619 2359 789 2435 etChrnn.‚
806 2354 1017 2416 Cassiodorum
1037 2354 1188 2437 aliosque,
1211 2357 1263 2438 qui
1304 2360 1443 2416 res-itatis

267 2450 337 2521 29²
355 2441 455 2499 studio
476 2443 637 2521 praecipua
656 2460 795 2521 quaeque
813 2440 991 2514 omiserunt,
1012 2438 1211 2499 consulendos
1225 2440 1352 2500 omnino
1371 2460 1443 2500 cen-

354 2540 404 2580 seo
426 2523 569 2581 Orosium
597 2521 650 2581 lib.
675 2522 705 2581 3.
729 2542 797 2602 cap.
826 2520 903 2599 io,
934 2522 1133 2581 sozomenum
1162 2520 1218 2581 lib.
1237 2544 1271 2606 9.
1292 2544 1362 2605 cap.
1393 2544 1440 2582 ιι.

295 2631 298 2640 ’
355 2623 390 2663 uc
411 2604 588 2663 nominatim
610 2604 783 2677 Zosimum,
817 2606 870 2683 qui
898 2604 987 2663 initio
1015 2603 1086 2664 libri
1114 2605 1188 2664 sexti
1219 2605 1326 2665 eadem
1346 2606 1443 2665 seme

322 2748 325 2757 ,
355 2686 456 2745 omnia
483 2696 636 2763 recenset,
662 2708 739 2767 quae
770 2706 805 2745 ex
835 2685 1055 2767 Olympiodoro
1084 2689 1257 2769 perstrinxit
1284 2690 1442 2750 Photius:

359 2772 386 2847 t)
408 2770 455 2827 De
477 2768 598 2829 militari
619 2769 752 2828 tumultu
765 2770 797 2828 in
811 2770 966 2830 Britannia
979 2771 1125 2849 excitato,
1148 2770 1197 2831 vel
1212 2771 1351 2832 Honorio
1366 2773 1441 2832 Vll.

354 2862 385 2911 et
406 2850 576 2912 Theodosio
596 2854 706 2912 iterum
726 2852 826 2928 Coss,
845 2851 896 2911 vel
914 2852 1006 2934 paulo
1025 2862 1108 2930 ante,
1130 2864 1166 2913 ut
1183 2865 1285 2914 noster
1299 2855 1444 2915 hicinsi·
1503 2847 1504 2930 ]

352 2945 447 3009 nunt,
469 2934 517 2995 vel
538 2936 628 2995 etiam
649 2936 787 3012 tardius,
819 2936 910 2995 Basso
942 2936 1088 2995 nimirum
1107 2936 1309 3019 Philippoque
1329 2939 1442 3017 Coss,
1503 2935 1505 2960 '

353 3028 389 3078 ut
410 3016 461 3077 alii
483 3019 690 3093 contendunt,
712 3018 834 3077 biennio
853 3029 1058 3099 anteceptam
1084 3017 1124 3079 ab
1152 3018 1276 3081 Alarico
1296 3020 1441 3081 Romani.

354 3102 385 3178 α)
407 3100 454 3160 De
476 3102 601 3175 Marco,
625 3102 772 3161 Gratiano
792 3122 827 3160 ac
848 3100 1045 3161 Constantino
1065 3102 1193 3162 subinde
1213 3108 1322 3165 creatis
1336 3105 1442 3187 impp.

354 3182 382 3261 3)
404 3182 452 3243 De
472 3183 588 3243 iustino
609 3184 672 3244 sive
693 3184 857 3243 Iustiniana
878 3196 908 3243 et
921 3185 1122 3266 Naovigaste,
1144 3186 1271 3247 ducibus
1286 3188 1444 3248 Constan-

351 3266 419 3325 tini.
463 3262 493 3345 4)
516 3268 563 3325 De
583 3268 730 3345 Bononia,
749 3267 826 3326 urbe
845 3269 1007 3343 maritima,
1043 3288 1135 3350 quam
1154 3280 1256 3330 noster
1275 3269 1443 3353 Olympio-

352 3347 444 3409 dorus
471 3360 552 3409 recte
579 3352 707 3431 primam
736 3351 769 3409 in
789 3348 905 3410 Galliae
931 3350 1042 3409 finibus
1068 3354 1196 3431 positam
1222 3352 1312 3413 docet
1333 3374 1351 3412 c
1374 3355 1444 3414 un·-
1503 3357 1504 3370 ¹

350 3432 687 3511 munimentorum,
717 3453 874 3513 perperam
905 3452 979 3493 vero
1009 3435 1146 3495 Zosimus
1175 3438 1206 3495 iu
1231 3436 1369 3497 inferiori
1391 3458 1443 3498 sen

351 3514 481 3585 secunda
503 3516 664 3576 Germania
684 3512 831 3591 collocat,
858 3512 1036 3594 Γερμανίας
1052 3507 1132 3577 orlon
1152 3514 1242 3589 πόλις
1268 3520 1326 3599 τῆς
1341 3512 1442 3582 siritu.

351 3596 381 3673 5)
402 3596 450 3656 De
470 3598 634 3657 conciliatis
653 3598 709 3658 sibi
730 3598 769 3658 ad
791 3595 883 3678 Alpes
898 3618 1005 3680 usque,
1026 3598 1243 3681 qnaeGalliam
1258 3602 1443 3685 Italiamque

350 3677 570 3755 disterminant,
593 3680 791 3757 exercitibus,
811 3702 887 3762 quos
908 3678 1011 3742 Gallos
1032 3694 1063 3743 et
1071 3682 1254 3765 Aquitanos,
1277 3684 1444 3747 observata

350 3762 412 3820 inm
432 3761 518 3840 aliis,
548 3774 628 3824 certe
648 3763 787 3823 familiari
808 3784 863 3844 per
885 3762 937 3824 illa
956 3775 1094 3847 tempora
1115 3766 1278 3845 divisione,
1306 3768 1445 3851 appellat

351 3842 601 3925 Olympiodorus,
622 3848 670 3906 cui
693 3845 868 3928 subscripsit
888 3850 978 3907 etiam
1000 3849 1195 3911 sozomenus.
1237 3850 1268 3929 6)
1288 3851 1340 3912 De
1360 3854 1445 3913 eins-

350 3922 419 3985 dem
441 3928 628 3989 Constantini
650 3928 711 3989 lilio
732 3941 807 3989 natu
835 3932 949 3991 maiore
977 3932 1162 4007 Constante,
1194 3954 1285 4014 quem
1312 3954 1331 3993 a
1353 3947 1443 4017 patre

348 4006 456 4069 habitu
477 4010 611 4073 Caesaris
631 4024 774 4073 ornatum
796 4012 829 4071 in
840 4014 1018 4095 Hispaniam
1040 4015 1164 4075 missum
1185 4016 1273 4076 docet
1283 4016 1441 4078 Zosimus.

348 4088 429 4153 Eum
449 4112 523 4153 vero
544 4115 578 4153 cx
601 4094 751 4157 monacho
772 4094 884 4155 iactmn
905 4118 968 4157 esse
988 4098 1147 4159 Caesam
1162 4099 1289 4161 Orosius
1310 4102 1442 4163 nuar-

348 4172 493 4259 cellinus,
514 4176 676 4241 Christiani
697 4179 877 4261 scriptores,
899 4180 1031 4265 graviter
1050 4180 1253 4265 expostulant.
