3050 4892
406 272 674 336 arianorum
701 271 906 337 ursroum.
1117 246 1201 333 305

116 426 249 506 δάσειν,
277 422 375 500 αίδύς
403 442 437 488 rs
467 416 568 487 αύτόν
588 422 646 487 odic
675 419 759 508 εἶχεν
777 416 838 509 ἤδη
867 428 1021 510 respiretis
1040 430 1148 495 adesir
1168 427 1280 493 Mc.
1292 437 1345 491 566

116 520 290 605 μωμοκότα
319 517 405 599 άπαξ
424 520 486 587 ’καί
504 530 568 597 τοῖς
602 517 707 607 ὅρκοις
727 522 802 605 ούχί
820 522 1110 608 ἐγκαρτερήσαντα.
1154 505 1334 630 ‘i‘didiltidis

118 619 159 706 δή
188 620 244 684 καί
270 618 421 702 βασιλεύς
448 621 611 697 Ἰουστῖνος
641 616 680 684 sd
707 621 801 698 εἰδούς
827 644 861 685 τε
891 626 948 685 καί
966 622 1233 709 τεκμαιρόμενοςα

113 728 183 794 τοῖς
202 720 377 805 φθάσασιν,
403 718 448 793 sic
470 718 677 806 Κονιμούνδιρ
699 718 802 785 ἔνεστι
817 722 950 794 πίστεως
971 723 1064 787 ου’δὲν
1082 721 1205 805 ὁτιοῦν,

94 814 295 901 δάνήνασθαι
322 818 382 897 μὲν
402 810 442 880 ού
455 841 486 881 τι
514 810 592 905 ᾤετο
608 820 728 901 χρῆναι
758 817 817 903 τήν
836 821 1044 902 ξυμμαχίαν,
1065 814 1207 910 άναβυλῇ

115 918 152 983 δὲ
174 910 261 997 ὅμως
281 913 521 999 παρεκρούσατο
540 918 598 980 τού
617 913 785 1001 βαρβάρου
803 916 860 1003 τήν
874 914 1018 1001 αἴτησιν·
1047 916 1109 1005 ἔφη
1129 917 1206 1005 γάρ,

115 1015 161 1094 ὥς
192 1014 435 1097 διεσκεύαυμένα
462 1010 503 1079 τά
529 1012 690 1097 Ῥωμαϊκά
713 1012 856 1102 ὑπάρχει
882 1013 1117 1101 στρατεύματα,
1151 1016 1207 1096 ξύν

115 1114 241 1200 σπονδῇ
262 1114 298 1177 δὲ
319 1112 362 1188 cic
383 1105 447 1177 οίάν
466 1116 501 1177 τά
522 1114 608 1179 ε’στιν
638 1108 795 1196 α’θροάτας
815 1114 929 1180 αύτίκα
950 1117 1123 1197 ε’κπέμψοι.
1166 1118 1207 1181 ά-

114 1210 215 1297 κήκοα
247 1212 283 1275 δὲ
312 1212 389 1293 περὶ
407 1208 633 1293 Κονιμούνδου
664 1214 720 1276 καί
737 1209 862 1293 τοιάδε,
882 1211 957 1293 ε’μσί
975 1215 1012 1277 δὲ
1033 1215 1072 1278 ού
1090 1215 1205 1279 πιστά·

77 1312 188 1381 τολίαν
206 1306 268 1392 γάρ
290 1309 419 1384 άναιδὲς
443 1306 569 1393 ὑπῆρχε
589 1307 645 1374 τάν
656 1308 961 1394 παρασπονδήσαντα
974 1313 1049 1394 περί
1067 1312 1130 1375 τάν
1142 1313 1205 1403 Ιου’-

111 1410 178 1473 acis
197 1409 324 1471 δεῖσθαι
346 1408 401 1472 καί
420 1404 533 1473 πάλιν.
563 1410 683 1498 λέγεται
703 1410 748 1489 δὲ,
770 1404 814 1485 ὥς
837 1407 893 1473 καί
913 1407 1131 1494 Λογγιβαρδοι
1148 1430 1235 1493 rap-1>

111 1509 248 1571 νικαῦτα
275 1503 530 1591 ἐπρεσβεύσαντο
564 1505 650 1591 παρά
679 1508 870 1588 Ἱουστῖνον,
894 1510 951 1571 καί
971 1503 1022 1573 ὅτι
1039 1512 1070 1574 Γ
1068 1506 1207 1592 ήπαιδας

110 1608 168 1689 τῆς
186 1603 229 1679 cic
245 1602 423 1686 Ῥωμαίους
441 1600 664 1689 άγναμοσύνης
677 1610 808 1669 πλεῖστα
830 1602 894 1669 ὅσα
916 1603 1217 1691 κατηγορήσαντες,

110 1700 169 1789 τήν
195 1707 230 1769 ἐκ
253 1699 420 1785 Ῥωμαίων
454 1705 513 1785 μὲν
528 1701 717 1790 θηρώμενοι
743 1703 932 1786 συμμαχίαν
950 1698 1070 1789 ἤνυσαν
1090 1704 1203 1785 oridia,

75 1797 351 1888 ι5κατεπράξαντο
372 1803 408 1867 δὲ
431 1794 516 1883 ὅμως
544 1799 625 1887 πρὸς
650 1804 717 1886 τοῦ,
725 1804 883 1884 βασιλέως
901 1805 985 1886 μηδὲ
1004 1798 1129 1888 ἑτέρους
1147 1806 1206 1886 τῆς

106 1901 277 1982 Ῥωμαάον
300 1894 483 1964 άπολαῦσαι
503 1901 700 1985 ἐπικουρίας.

196 1996 247 2081 ιγ’.
279 1992 349 2061 Ὅτι
366 1994 508 2073 Βαϊανύς
523 1994 615 2062 ὁτῶν
639 1996 786 2083 Ἀβάρυνν
799 1993 980 2081 ἡγούμενος,
994 1999 1029 2061 ἔν
1048 1986 1076 2087 ᾧ
1093 1995 1222 2086 χρύνριῐ.
1232 2010 1350 2063 A.c.568

107 2094 146 2161 τύ
170 2096 302 2178 Σίρμιον
313 2093 465 2177 ἠβούλετο
482 2095 709 2181 πολιορκήσειν,
729 2092 924 2161 Βιταλιανύν
942 2120 975 2161 τε
989 2094 1044 2160 τάν
1062 2080 1303 2202 ἓρμηνέαήίζιχὲ,
1313 2148 1331 2215 ⁴

106 2198 169 2260 κατ’
187 2194 335 2274 Κομιτάν
362 2186 447 2277 εἶχεν
477 2193 511 2259 ἓν
538 2195 681 2274 δεσμοῖς.
710 2185 809 2281 άμφα
830 2192 890 2281 γάρ
911 2194 954 2260 roi
975 2186 1072 2278 ύνδρε
1098 2218 1198 2259 τουτιο

69 2290 277 2367 κοἸουστῖνος
297 2286 313 2354 ά
325 2288 476 2371 βασιλεύς
495 2285 557 2378 ήδη
577 2292 700 2368 στειλας
720 2293 865 2378 ὑπῆρχεν
895 2293 939 2369 ὥς
969 2293 1085 2375 αυίύν,
1115 2292 1205 2378 αἰτή-

112 2414 231 2466 σοντας
253 2393 362 2471 αὐτοῦ,
386 2388 429 2466 sic
449 2386 489 2456 άν
511 2388 591 2456 άττα
613 2393 797 2477 διαλεχθείη
817 2416 853 2476 γε
872 2394 1002 2468 adroic.
1022 2391 1039 2459 ὁ
1058 2396 1095 2461 δὲ
1114 2393 1203 2482 παρά

112 2490 172 2555 τὸν
190 2486 293 2555 κοινάν
311 2492 374 2555 τάν
394 2491 557 2576 πρέσβεων
577 2490 699 2573 δεσμὸν
718 2486 803 2575 εἶχεν
823 2493 857 2555 ἐν
878 2494 1017 2575 δεσμοῖς.

186 2620 334 2682 ιι.καλΒ.,
350 2606 390 2690 μή
408 2619 478 2689 ruig.
531 2636 569 2672 ra.
578 2617 786 2680 ’1ουστίνονΝ.,
795 2617 951 2673 ’1ουστίνου
968 2619 1039 2688 vulg.
1092 2619 1202 2686 Γήπαι·

186 2686 308 2759 dacruig.
362 2707 403 2743 ao.
418 2688 584 2755 αἰτήσαντες
598 2690 669 2760 vulp
706 2708 748 2744 ar.
760 2687 831 2741 άετα
848 2690 979 2759 ἐγκαλοίη
1003 2689 1075 2742 διαὶ.
1086 2693 1157 2744 coni.
1166 2691 1198 2743 N.

113 2822 213 2869 onem,
233 2824 301 2877 quae
323 2808 395 2859 iutra
412 2808 532 2860 Drarum
559 2807 672 2861 flurium
691 2814 750 2870 est,
769 2824 960 2861 concessurum
979 2824 1037 2860 esse
1056 2810 1198 2877 pollicitus

113 2884 165 2929 est.
202 2875 296 2947 Neque
313 2878 419 2948 pudore
436 2876 614 2944 afficiebatur,
636 2879 711 2951 quod
726 2878 799 2931 idem
819 2882 874 2929 iam
892 2878 978 2933 semel
995 2880 1128 2942 iurasset,
1147 2896 1201 2930 nc-

113 2964 169 3020 que
193 2947 371 3001 iureiurando
392 2949 521 3001 stetisset.
557 2948 596 3001 Er
622 2966 677 3021 quo
709 2964 770 3001 cum
796 2949 947 3017 Imperator
976 2951 1144 3018 perspiceret
1171 2959 1201 3000 ct

111 3017 262 3073 coniiccret
289 3036 322 3071 ex
345 3018 404 3080 his,
452 3034 502 3070 uae
528 3026 689 3081 evenerant,
714 3018 786 3071 nihil
813 3019 903 3073 inesse
923 3018 1094 3071 Conimuudo
1120 3017 1201 3079 fidei,

110 3088 225 3140 minime
241 3088 354 3159 quidem
378 3035 629 3159 iiliqdeuegaudum
646 3088 796 3151 auxilium,
823 3090 872 3141 sed
888 3089 1023 3142 dilatione
1040 3096 1068 3139 ct
1086 3102 1200 3157 procra-

111 3160 264 3211 stinatione
291 3160 454 3229 petitionem
473 3157 532 3211 eius
556 3158 707 3213 ducendam
726 3159 899 3212 existimarit
936 3157 1085 3226 Respondit
1109 3159 1197 3221 enim,

131 3230 266 3281 severiae
284 3230 436 3298 provincias
457 3228 593 3298 dispersos
617 3244 675 3281 esse
693 3230 876 3282 Romanorum
900 3230 1051 3282 exercitus:
1070 3244 1130 3279 cum
1148 3243 1197 3278 ce·

110 3246 222 3353 icriutc
240 3306 268 3351 et
286 3299 377 3351 studio
395 3298 458 3351 illos
477 3305 632 3351 coacturum
652 3308 681 3351 et
698 3318 778 3370 quum
796 3299 925 3356 citissime
945 3298 1085 3368 suppetias
1102 3298 1201 3348 missu·

111 3386 183 3421 rum.
219 3368 291 3423 llaec
301 3387 411 3441 qnoque
428 3369 497 3421 mihi
508 3370 542 3423 de
555 3368 727 3422 Conimuudo
746 3369 840 3423 audita
850 3391 856 3423 :
866 3370 915 3423 sed
931 3371 1045 3422 minime
1063 3367 1201 3419 verisimi-

112 3438 154 3489 tia
172 3436 306 3491 ridentur.
341 3439 412 3491 Mihi
430 3440 503 3492 enim
520 3441 587 3493 satis
601 3440 745 3509 impudens
765 3441 880 3509 ridetur⁴
895 3441 928 3502 is,
944 3441 994 3510 qui
1010 3453 1070 3489 cum
1088 3436 1200 3499 foedera

111 3507 237 3578 ruperit,
254 3509 348 3563 eadem
366 3527 457 3562 rursus
474 3511 552 3579 petit
589 3512 696 3564 Dicitur
712 3527 788 3573 vero,
805 3526 862 3563 nou
878 3511 967 3562 scium
987 3517 1054 3561 tnnc
1068 3509 1198 3577 temporis

111 3578 309 3645 Longobardos
339 3581 442 3649 legatos
473 3580 509 3633 ad
532 3582 667 3633 Iustinum
692 3581 814 3643 misisse,
844 3578 893 3633 sed
908 3579 1002 3662 quavis
1026 3579 1134 3631 ratione
1152 3593 1198 3630 eos

112 3649 235 3718 Gepidas
253 3648 327 3719 apud
335 3650 468 3702 Romanos
489 3650 589 3719 ingrati
606 3668 668 3720 erga
690 3652 753 3703 ilios
769 3650 853 3703 animi
870 3650 1039 3702 insimulatos
1058 3665 1126 3710 esse,
1143 3666 1198 3719 quo

110 3722 198 3789 magis
208 3720 262 3791 ipsi
274 3721 377 3773 auxilio
387 3720 463 3789 digni
472 3719 641 3783 viderentur,
651 3720 699 3772 sed
709 3720 782 3773 nihil
793 3721 974 3788 profecerunt
992 3720 1050 3771 iios
1065 3720 1198 3771 tamenab

111 3790 283 3861 Imperatore
294 3792 432 3843 consecuti
444 3799 516 3853 sunt,
538 3799 568 3843 ut
579 3800 675 3844 neutra
693 3807 757 3861 gens
766 3808 782 3841 a
793 3791 919 3841 iionrauis
931 3786 1196 3842 auxiliis'iuvarctur.

188 3862 227 3913 13.
264 3862 379 3913 Baianus
407 3878 461 3931 quo
486 3868 606 3930 tempore
632 3861 666 3913 de
692 3858 844 3915 obsidendo
862 3860 960 3912 Sirmio
977 3860 1129 3930 cogitabat,
1145 3860 1196 3909 vi-

112 3931 260 3985 tellianum
285 3934 461 4000 interpretem
486 3938 515 3983 et
541 3932 666 3983 Comitan
689 3934 720 3983 in
737 3930 847 3983 vincula
868 3931 992 3984 coniecit.
1026 3930 1084 3983 Hos
1103 3937 1196 3993 autem

114 4000 183 4054 duos
201 4005 274 4055 viros
302 4003 421 4053 lustinus
448 4003 599 4069 Imperator
622 4001 726 4054 dudum
741 4002 783 4069 'ad
800 4001 879 4051 iilum
897 4002 1027 4063 miserat,
1043 4007 1075 4051 ut
1090 3999 1196 4051 aditum

114 4068 152 4120 ad
168 4070 381 4145 colloquendum
402 4088 461 4123 cum
481 4072 530 4124 illo
548 4070 583 4124 de
603 4072 767 4143 quibusdam
790 4068 873 4123 rebus
889 4079 1022 4141 peterent.
1059 4074 1087 4123 ls
1103 4078 1196 4123 autem

113 4148 210 4193 contra
227 4145 269 4195 sas
287 4151 316 4197 et
332 4158 473 4195 commuue
494 4144 538 4195 ius
558 4144 681 4214 gentium
698 4158 744 4197 eos
761 4144 792 4197 in
811 4143 927 4198 vinculis
946 4140 1051 4195 habuit

145 4242 305 4319 Dexippus,
322 4244 470 4313 Ειιπομίυι
485 4258 535 4301 ιιι.
966 4262 1000 4299 ao
