3050 4892
532 313 588 378 DE
621 312 807 378 utrum.
1041 369 1047 395 ,
1152 316 1207 380 XV

129 465 201 550 Aug
230 485 312 529 anno
342 466 518 547 desinebmt
546 467 736 556 Athenarum
765 479 867 531 autem
890 465 1009 532 eloim
1027 467 1208 555 syncellus,

130 569 184 648 qui
208 565 267 628 hoc
281 569 410 652 Dexippi
428 589 504 652 opus
522 565 661 652 legebat,
685 569 742 630 sub
764 568 902 631 Gallieno
914 570 1074 652 contigisse
1091 570 1206 634 referte

129 667 270 748 nequesi
294 687 360 728 eam
385 683 455 729 cum
475 669 684 730 continuatore
702 667 861 748 Dimisi),
879 689 971 751 quem
997 670 1131 732 Ζοηοηο
1157 691 1207 732 se-

130 767 255 848 quitur,
270 767 392 828 biennio
404 771 499 829 serius
519 767 660 830 accidisse
679 777 866 846 statuamus,
885 779 922 829 ct
934 766 987 830 illo
1000 771 1067 850 ipso
1086 769 1207 831 Claudii

131 887 211 927 anno
229 868 350 950 pomo,
380 866 460 952 269,
483 857 644 946 accinens,
666 865 827 928 difficultas
845 867 1047 950 expediretur.
1085 870 1133 930 lto
1152 880 1206 932 aut

130 962 304 1048 fingendum
314 969 372 1028 erit
392 969 525 1050 priorem
536 969 680 1029 exstitisse
693 967 874 1041 editionem,
891 967 932 1028 de
944 989 1007 1050 qua
1018 989 1110 1030 nuno
1120 969 1207 1051 quic-

129 1087 221 1148 quam
237 1066 376 1146 tradidit,
390 1077 443 1128 aut
453 1067 686 1144 concedendum,
701 1067 819 1128 laevam
831 1065 1034 1128 hominumin
1043 1067 1209 1129 honoribus

129 1165 323 1228 aestimandis
343 1179 474 1229 mentem
486 1187 556 1230 eum
568 1212 579 1247 ,
599 1187 661 1250 qtro
682 1166 722 1228 ad
739 1169 889 1228 maiorum
903 1165 1030 1249 gloriam
1042 1166 1140 1228 elettrs
1151 1175 1210 1245 est,

129 1275 291 1345 propterea
303 1266 474 1350 neglexisse,
485 1267 569 1351 quia,
582 1265 780 1330 tumultuarie
792 1276 1001 1350 aecngregata
1014 1265 1212 1328 multitudiue

129 1361 277 1440 collatus,
303 1364 422 1428 nullum
448 1369 481 1428 in
511 1367 594 1430 fastis
623 1368 747 1430 urbanis
767 1367 869 1429 locum
890 1366 1035 1452 habaet·
1058 1365 1208 1427 librorum

130 1463 243 1523 famam
266 1464 430 1546 extulisse,
450 1487 498 1529 res
519 1465 638 1529 fortiter
658 1479 754 1550 gestes
781 1465 899 1528 silentio
920 1468 1143 1528 transmisisset
1166 1498 1208 1512 -·

130 1583 216 1644 rem,
236 1575 359 1646 propter
373 1567 438 1628 eius
456 1567 523 1628 aevi
540 1569 729 1648 pravitatem,
741 1565 831 1649 plane
848 1585 911 1628 non
929 1565 1149 1627 incredibilem.
1204 1583 1209 1591 ·

214 1662 317 1724 Vitam
345 1685 439 1748 usqne
462 1665 501 1726 ad
520 1665 616 1728 Probi
634 1665 839 1750 principatum
851 1665 1010 1749 perduxit,
1032 1685 1128 1748 φιωιι
1145 1666 1207 1725 iam

132 1758 191 1820 snb
199 1760 360 1824 Valeriano
389 1764 544 1828 claruisset
554 1765 590 1848 6).

215 1859 340 1943 Dexippi
359 1883 469 1945 opera,
492 1885 569 1947 quse
586 1865 624 1926 ad
644 1865 801 1928 historiam
821 1865 1037 1948 pertinebat,
1055 1863 1116 1924 tria
1135 1861 1211 1946 legit
1320 1885 1324 1890 ·

131 1956 260 2020 Plotius
270 1961 312 2036 ⁷J:
334 1963 372 2023 de
392 1964 503 2046 quibus
518 1965 642 2048 singulis
655 1965 804 2047 agendum
821 1975 876 2025 est.

214 2058 241 2118 l.
286 2053 333 2120 ro
350 2056 430 2138 μετὰ
454 2059 672 2144 Ἀλέξανδρον,
706 2061 793 2124 libris
817 2071 948 2144 quatuor
974 2058 1210 2141 comprehensae

132 2175 168 2216 ex
183 2157 293 2240 qnilrus
312 2162 501 2222 notissimam
516 2163 716 2246 satrapiarum
739 2161 919 2221 divisionem
933 2163 1041 2220 recitet
1056 2157 1211 2233 Possm

131 2259 365 2342 scrIptoremque
376 2261 410 2320 in
425 2259 601 2323 universum
619 2261 688 2324 cum
705 2261 836 2322 Arriano
852 2262 1021 2322 cmsentire
1040 2259 1138 2324 dm
1159 2254 1212 2318 Ad

131 2357 211 2418 hanc
236 2358 461 2422 Macedonicam
484 2361 641 2422 historiam
675 2360 832 2422 referenda
858 2379 923 2421 esse
943 2378 1022 2441 quae
1043 2355 1087 2421 ill.
1108 2357 1212 2417 Maius

129 2458 255 2519 inventa
268 2461 302 2520 in
322 2459 432 2522 codicis
450 2458 635 2544 palimpsesti
651 2463 768 2544 paginis
780 2458 833 2522 8¹.
845 2457 898 2520 ds.
917 2479 981 2520 too.
1006 2477 1073 2523 101.
1093 2455 1209 2530 edidit,

129 2577 193 2621 uuo
220 2559 317 2620 verbo
339 2561 490 2624 monuisse
517 2561 556 2624 ed
583 2561 773 2644 probandum
791 2557 918 2620 suffieit:
939 2558 1088 2640 siquidem
1111 2561 1210 2618 mano

127 2653 313 2738 Hyperidis,
344 2661 409 2720 sire
436 2659 596 2744 adsumpta
618 2663 683 2722 sive
709 2661 796 2737 ficta,
830 2656 905 2720 belli
927 2657 1061 2718 Lamiaci
1088 2665 1212 2738 tempus

130 2767 255 2836 speetu.
296 2757 385 2820 Dicet
397 2759 521 2822 fortasse
538 2759 665 2842 aliquis,
684 2781 703 2820 a
719 2745 874 2838 Romana,
894 2775 956 2818 non
973 2755 1073 2817 dicam
1094 2755 1228 2852 lipsan-⁸

128 2855 195 2915 tine
209 2855 347 2936 historia,
362 2856 529 2920 alienenon
542 2859 680 2922 debuisse
692 2857 861 2921 collectioni
870 2867 990 2918 nocuae
1000 2855 1113 2916 inserit
1126 2851 1212 2936 qaod

129 2954 257 3036 quidem
277 2956 391 3018 fanum
407 2959 538 3041 primum
554 2958 634 3020 mole
649 2961 755 3041 exigna
771 2958 884 3018 horum
901 2956 1139 3038 fragmentorum
1156 2953 1211 3013 de·

120 3053 273 3134 leudam,
302 3077 382 3139 qnae
401 3079 584 3141 perparvum
610 3058 667 3120 sibi
695 3057 797 3120 locum
814 3055 985 3140 postulant3
1001 3063 1211 3137 quantam

128 3153 180 3214 rel
200 3153 269 3215 ideo
285 3155 368 3237 quod
399 3157 559 3241 Hyperidis
585 3177 695 3219 numen
721 3177 795 3239 prae
818 3177 850 3218 se
865 3155 967 3216 fertmt
986 3151 1231 3236 pnilclcgomn‘

127 3253 272 3314 notitiam
285 3265 457 3335 mareoten,
475 3258 626 3340 denique,
647 3260 671 3319 si
690 3255 778 3318 aliter
793 3256 921 3316 &mun
945 3251 1213 3335 reprehensionem

127 3372 193 3414 non
221 3354 414 3438 effugissem
437 3377 531 3440 quum
560 3359 594 3418 in
621 3357 751 3419 editiorm
778 3356 916 3417 Romana
945 3353 1053 3413 ceteris
1082 3368 1160 3433 quae
1192 3369 1212 3412 s

126 3452 269 3536 Dexippo
283 3469 445 3538 supersunt
468 3457 640 3520 adhaerent
682 3458 752 3536 Quo
777 3457 860 3516 enim
878 3451 971 3514 modo
996 3453 1051 3532 iis,
1073 3451 1210 3533 quiem

125 3573 194 3613 non
215 3555 381 3632 vidissent,
401 3569 538 3619 conum
555 3567 656 3640 posset
673 3578 723 3617 me
740 3577 802 3617 uon
818 3565 932 3616 terme
944 3547 1112 3614 iudicasset

171 3652 219 3716 ll.
259 3649 417 3737 Χρονικὴν
446 3652 602 3740 ἱστορίαν,
640 3659 703 3718 sive
734 3654 857 3716 annales
875 3655 929 3729 θ),
959 3673 1051 3736 quam
1080 3650 1212 3713 Plrotlus

123 3746 288 3830 σύντομον
323 3749 478 3836 ἱστορικὸν
504 3767 613 3834 vocat,
645 3777 700 3838 per
726 3753 947 3838 Olympiadas,
969 3752 1211 3834 archontumqus

123 3863 156 3914 et
185 3853 346 3915 consulum
373 3855 463 3919 fastos
493 3855 533 3918 ab
556 3855 699 3918 buteriae
721 3857 836 3935 initiis,
859 3855 978 3926 omissis
1000 3863 1101 3916 umen
1124 3851 1214 3914 febu-

150 4055 183 4128 5)
204 4053 237 4106 ln
254 4053 355 4125 eclogis
374 4071 440 4142 pnes
459 4057 498 4112 ill.
517 4056 608 4113 statu·
634 4055 735 4113 edidit:
760 4053 823 4113 coll.
846 4057 908 4112 Vnt.
933 4053 971 4112 ll·
983 4071 1015 4180 ¹¹2p
1045 4055 1105 4124 240·
1181 4049 1213 4120 ὅ)

200 4123 341 4196 Eunapiar
358 4136 413 4181 rste
432 4128 573 4198 Porphyrii
593 4129 622 4182 iu
641 4129 660 4184 l.
715 4133 743 4199 7)
761 4127 828 4184 Cod.
850 4129 893 4183 82.
946 4126 975 4198 8)

197 4193 262 4250 [5.
298 4197 653 4274 temereternere

1006 4091 1210 4198 semiusto
1316 4133 1323 4142 ’
