3050 4892
322 272 366 338 nv
394 272 604 339 manners
635 276 688 337 nn
715 271 1021 342 moruorum.
1121 245 1214 335 533

205 427 283 509 Pag.
301 448 350 511 29.
362 428 401 489 A.
424 426 514 513 [134,
535 428 581 512 3.]
608 420 656 490 611
676 425 693 489 ὅ
718 430 879 508 Δέναθος,
899 433 1013 509 scribe,
1034 421 1083 493 du
1098 428 1206 497 ‘Odor'⁴

114 508 232 580 ναθος.
281 511 330 571 Sic
363 514 444 573 enim
471 512 529 573 hoc
563 534 673 575 nomen
701 514 842 574 scribitur
864 515 944 597 apud
984 515 1145 577 Libanium
1173 521 1207 579 in

114 591 208 671 epist.
230 614 300 675 999
318 603 348 654 et
378 594 458 675 apud
488 594 613 655 Suidarn
639 597 669 655 in
685 586 895 673 Ὀὃαι’ναθος,
923 600 975 679 qui
994 597 1077 658 loeus
1093 593 1217 659 deseri-¹

115 683 196 753 ptus
218 687 262 735 est
281 696 315 735 ex
332 676 491 737 Damascio
505 680 537 737 in
557 678 663 737 lsidori
681 681 758 739 vita.
799 680 846 739 lta
868 682 957 740 etiam
973 680 1114 741 scribitur
1123 681 1205 763 apud

113 754 290 837 Euagrium
309 760 340 817 in
355 760 415 820 line
435 758 504 820 libri
527 762 564 821 V.
575 762 673 823 Porro
690 760 747 821 hoc
764 761 967 843 fragmentum
982 785 1052 825 cum
1069 767 1204 847 superio·

111 860 153 899 re
172 838 382 903 collocandum
399 853 463 905 erat
491 864 561 927 pag.
576 842 627 922 14.
643 844 682 903 D.
705 855 758 904 aut
777 846 829 908 25.
853 846 891 907 C.

134 1120 135 1123 Ὺ
204 1180 282 1256 nx
304 1180 789 1267 fflsroararsrscr
814 1185 1114 1264 nassonia.

196 1341 273 1424 Pag.
286 1342 335 1405 33.
351 1340 489 1427 Α.[14ο,
507 1341 548 1425 1.]
568 1343 614 1404 Ut
632 1344 707 1405 urdo
717 1356 854 1407 servetur
869 1346 1023 1424 historiae,
1042 1346 1197 1408 collocan-

103 1422 147 1487 da
166 1436 217 1486 est
246 1436 316 1485 ante
339 1427 440 1485 omnia
465 1425 575 1507 legatio
604 1426 656 1487 illa
677 1430 774 1508 Ruae,
796 1432 874 1511 regis
896 1430 1101 1506 Hunnorum,
1123 1452 1204 1512 quae

128 1532 178 1591 ag.
200 1506 250 1589 47.
267 1506 305 1566 Α.
326 1508 464 1568 habetur.
505 1509 584 1568 Nam
599 1512 723 1593 Margus
738 1522 769 1572 et
783 1513 988 1573 Viminacium
1003 1524 1071 1595 post
1082 1513 1201 1574 obitum

101 1530 197 1653 fiune
214 1590 257 1649 ab
275 1590 371 1651 Attila
447 1602 512 1650 tum
527 1601 592 1669 est,
620 1603 654 1651 ut
671 1594 759 1653 docet
779 1615 847 1676 pag.
868 1594 916 1677 59
937 1597 978 1655 I).

191 1675 273 1754 Pag.
295 1674 346 1756 47.
363 1674 399 1733 A.
435 1674 522 1757 167,
545 1672 581 1756 1.]
604 1670 825 1755 Ἀμιλζούροις
863 1678 918 1737 καί
938 1671 1110 1757 Ἰτιμάροις
1138 1688 1293 1744 1161).ιῶ

103 1755 233 1818 Harum
256 1757 390 1835 gentium
411 1758 535 1817 nomina
552 1757 644 1838 paulo
666 1756 753 1817 aliter
771 1758 863 1818 refert
878 1760 1021 1820 iordanes
1042 1761 1074 1819 in
1090 1761 1207 1838 Gothi-g

100 1842 167 1901 cis:
214 1838 388 1921 Alzpsnros,
408 1838 559 1914 Itt'maros,
578 1840 740 1900 lirncarsos
751 1854 782 1899 ct
800 1842 920 1901 Borkeos
933 1841 1043 1902 Ηιννιί
1063 1863 1200 1925 rapuere.

194 1924 275 2002 Pag.
296 1920 347 1999 48.
366 1922 400 1981 Β.
422 1918 519 2005 [168,
546 1920 592 2004 7.]
615 1923 688 1982 Post
713 1922 792 1983 hanc
817 1922 998 2004 legationem
1024 1922 1201 1986 collocanda

99 2016 177 2067 sunt
200 2025 248 2076 ea,
266 2025 343 2085 quae
354 2004 447 2065 habes
456 2025 522 2085 pag.
538 2002 637 2067 tad.
648 2016 679 2067 et
701 2006 904 2088 sequentilurs.
921 2047 924 2052 >

191 2089 271 2167 Pag.
294 2088 342 2148 35.
362 2087 396 2147 B.
422 2084 507 2169 [143,
529 2084 574 2168 3.]
600 2080 675 2158 τούς
697 2085 776 2147 κατὰ
805 2081 922 2169 χρόνον
941 2082 1012 2149 τινα
1027 2081 1084 2168 τῆν
1096 2089 1198 2171 dopo*

97 2164 206 2247 τάτην
227 2168 459 2250 κουφισθέντας
482 2168 538 2247 τῆς
558 2167 614 2248 γῆς
633 2159 830 2250 ἀποτίμησιν.
874 2171 964 2231 llunc
978 2170 1078 2230 locum
1102 2172 1197 2233 lissius

100 2249 259 2334 explicavi
282 2251 313 2309 in
341 2249 598 2311 Annotationibus
623 2250 662 2311 ad
685 2250 738 2313 lib.
763 2273 773 2312 1
801 2296 810 2313 .
835 2251 988 2313 Ammiani
1003 2252 1198 2332 Marcellini,

98 2356 171 2417 pag.
189 2332 269 2415 167.,
289 2332 342 2393 1ώί
356 2333 394 2394 de
414 2354 519 2396 census
547 2333 728 2395 relevatione
750 2274 864 2395 attium
889 2337 958 2396 dixi.
1000 2337 1106 2396 Graeci
1120 2355 1196 2395 κον-

99 2412 231 2499 φισμὸν
250 2428 367 2477 vocant.
409 2417 458 2477 Sic
480 2416 689 2479 Theodoretus
718 2418 750 2478 in
771 2417 928 2502 epistdb.
949 2417 1043 2503 1147.
1063 2429 1200 2481 etvetus

98 2500 264 2583 inscriptio
290 2498 371 2582 apud
390 2500 553 2560 Gruterum
567 2520 634 2583 pag.
660 2500 771 2562 1116.:

116 2634 119 2646 ·
222 2612 385 2695 Ἓσηερίρς
406 2608 508 2693 πάσης
522 2604 791 2696 χθονὸςὸβριμον
813 2615 973 2698 litandae

271 2692 459 2777 Μάρκελλον
475 2692 494 2755 ὅ
511 2692 636 2775 dosoris
648 2692 759 2777 μάρψε
780 2695 877 2781 μόρος
898 2694 1026 2777 ταμίην·

222 2770 370 2850 Ἑλλάδος
389 2772 504 2855 ἀγλαὸν
521 2772 625 2859 ἔρνος,
640 2772 676 2849 ὃς
692 2775 819 2864 eddoxc'g
842 2776 1019 2841 Κυκλάδων
1037 2779 1096 2860 γῆς

273 2859 449 2942 Knepelaos
462 2852 573 2931 πόλιας
592 2860 689 2941 θῆκεν
707 2859 937 2944 ἐλαφροτέρας.

97 2980 249 3041 cereum
271 2974 346 3035 haec
363 2970 507 3037 relevatio
528 2986 581 3037 aut
603 2978 775 3059 principum
790 2977 936 3038 beneficio
952 2978 1197 3061 concedebatur,
1309 3013 1312 3017 Δ

98 3074 154 3123 aut
166 3060 306 3122 iudicum
324 3060 489 3135 sententia,
511 3070 546 3120 ut
563 3063 605 3121 ait
620 3060 753 3121 Priscus.
797 3060 915 3120 ludices
935 3072 1037 3120 autem
1057 3061 1195 3143 intelligo

97 3153 336 3227 peraequatores
350 3152 403 3200 aut
422 3142 596 3220 ceruitores,
620 3146 673 3225 qui
690 3143 729 3204 ad
746 3143 947 3225 inspiciendos
960 3165 996 3203 ac
1013 3142 1193 3206 relevandos

97 3225 335 3309 provinclalium
355 3245 460 3284 census
485 3246 503 3284 a
520 3226 658 3308 principe
674 3226 881 3291 mittebantur.

183 3312 264 3391 Pag.
283 3308 335 3369 55.
355 3307 388 3366 Β.
413 3304 501 3390 [143,
526 3308 572 3392 6.]
599 3308 634 3369 ἐν
651 3308 690 3393 τῇ
712 3308 862 3394 γεροοσΐρ
886 3298 956 3369 ἔνο)
970 3306 1191 3389 γεγραμμένα.

96 3392 232 3458 videm·
247 3388 440 3453 scribendum
456 3411 518 3451 esse
536 3381 814 3472 ἀναγεγραμμένοι.
855 3394 970 3453 Omnes
994 3394 1075 3451 enim
1099 3413 1187 3453 sena-

95 3486 177 3537 tores
192 3496 305 3536 ourum
325 3473 461 3533 conferre
479 3474 683 3557 cogebantur,
707 3486 771 3536 tam
787 3497 884 3559 nuper
899 3474 1019 3552 allecti,
1040 3495 1132 3555 quam
1150 3477 1188 3551 ii,

95 3563 149 3641 qui
166 3559 288 3641 pridem
303 3559 336 3617 in
357 3557 501 3616 Senatum
521 3558 662 3640 adscripti
683 3558 812 3619 inerant.
854 3558 998 3619 Conferre
1018 3569 1119 3618 autem
1133 3578 1187 3617 oo·

95 3643 248 3724 gebantur
263 3641 422 3701 Senatores
443 3650 559 3701 certum
578 3644 643 3701 auri
659 3641 779 3723 pondus
799 3643 829 3701 in
853 3641 1021 3723 praemium
1039 3662 1111 3700 suae
1137 3636 1199 3699 di-'

95 3726 231 3804 gnitatis.
273 3723 322 3783 sic
338 3726 418 3783 enim
438 3723 584 3784 vertenda
601 3736 670 3784 sunt
684 3724 759 3785 haec
779 3724 884 3799 verba,
914 3718 994 3803 ὑπὲρ
1013 3720 1104 3804 σφῶν
1125 3720 1187 3783 ον’·

94 3806 158 3867 τοῖν
185 3802 303 3883 ἀξίας,
322 3827 385 3867 non
401 3816 437 3867 ut
454 3805 652 3867 Cantoclarus
677 3807 790 3881 vertit,
815 3809 895 3869 ultro
913 3827 1002 3890 qaum
1019 3806 1186 3887 facultates

122 3910 172 3949 rre
238 3902 344 3950 teram.

79 3888 122 3965 fe
176 3910 256 4053 ἔρ.
279 3971 375 4055 apd.
413 3970 481 4050 146,
496 3970 544 4055 9.]
565 3974 645 4033 Lee
681 3965 775 4033 narsi
790 3966 946 4051 ὑπήκουον
963 3968 1160 4051 ἐπιτάγματα

177 4054 259 4135 Peg.
277 4054 326 4139 37.
344 4054 377 4118 B.
422 4054 488 4133 146,
512 4054 573 4141 19]
601 3994 674 4116 dost
690 4054 763 4115 baec
786 4055 896 4128 verba,
918 4052 975 4114 καί
989 4047 1185 4135 οτρατνγγοῦς

92 4134 365 4218 χειροτονοῦντες,
378 4158 409 4220 p.
427 4138 477 4222 37.
494 4138 548 4223 lb,
564 4138 684 4204 videtur
713 4138 889 4202 collocanda
910 4135 1103 4228 legatioilla:
1132 4126 1182 4197 dra
