3050 4892
339 364 463 426 XXXIV
723 357 778 420 DE
806 350 1035 418 prisciano.

341 516 500 600 Evangelii
520 515 596 578 adeo
615 515 731 576 sincere
748 508 905 592 amplexus
925 517 990 581 est,
1012 515 1048 565 ut
1070 501 1112 564 ad
1126 499 1220 564 libros
1233 499 1354 560 Veteris
1361 497 1425 561 Te-

340 619 480 678 stamenti
503 615 733 677 commentarios
760 607 984 684 conscriberet,
1021 626 1040 665 a
1058 604 1162 685 peritis
1192 598 1340 661 iudicibus
1359 619 1424 658 uon

338 715 531 776 mediocriter
544 713 694 774 laudatos.
720 710 877 771 Summam
890 708 971 767 vitae
984 705 1213 766 sanctimoniam
1226 746 1235 775 ,
1262 719 1424 780 moresque

341 817 529 891 mitissimos,
552 812 739 895 praedicavit
758 811 823 868 eius
844 804 1009 887 discipulus
1029 803 1206 880 Choricius,
1233 803 1287 882 qui
1312 798 1423 860 deluu-

342 924 425 975 ctum
463 913 625 989 laudavit;
669 909 757 990 longe
779 910 845 988 ipse
865 905 987 965 inferior
1006 906 1172 985 magistro:
1205 920 1315 971 suum,
1349 919 1422 958 cum

255 1049 256 1052 ¹
339 1017 450 1076 amoris
471 1013 599 1089 affectu,
623 1019 711 1071 vocat
731 1006 870 1083 Aeneas,
892 1027 910 1065 a
932 1025 994 1086 quo
1023 1001 1140 1063 laudari
1161 998 1229 1082 plus
1249 1009 1325 1059 erat.
1366 996 1421 1057 Ad

337 1113 475 1172 ultimam
496 1120 679 1172 senectutem
699 1107 807 1168 vixisse
827 1107 1020 1186 perspicuum
1040 1113 1103 1178 est,
1133 1121 1248 1181 quum,
1277 1099 1330 1179 qui
1354 1098 1421 1177 ipsu

335 1211 446 1272 sacculi
460 1213 517 1274 vl.
538 1211 624 1271 initio
646 1205 796 1268 Anastasii
815 1203 921 1265 laudes
941 1203 1078 1279 dixerat,
1104 1199 1184 1260 idem
1204 1196 1346 1257 monodia
1367 1215 1420 1256 ae-

334 1311 406 1371 dem
430 1311 477 1372 Su
492 1309 623 1392 Sophiae
657 1316 862 1368 terraemotu
889 1301 1053 1384 collapsam
1082 1297 1236 1361 defleverit
1245 1298 1308 1376 ⁵⁸),
1341 1315 1422 1378 quae

220 1417 224 1424 '
333 1409 423 1468 ruina
453 1432 482 1471 a.
506 1407 576 1492 557.
607 1406 727 1468 accidit.
768 1403 920 1488 Epistolas
948 1403 1068 1484 scripsit
1087 1397 1251 1481 plurimas,
1286 1415 1420 1478 quarum

332 1509 454 1570 nonnisi
473 1529 544 1593 pars
565 1507 648 1568 edita
667 1518 724 1568 est

398 1673 463 1736 ‘De
481 1672 723 1756 PRJSCIANO,
757 1673 827 1736 viro
866 1681 953 1756 grata
986 1667 1177 1731 saeculorum
1197 1663 1343 1724 memoria
1364 1681 1418 1720 cc·

332 1771 442 1854 leudo,
476 1776 562 1835 cuius
591 1773 775 1856 panegyrico
802 1772 903 1834 lucum
924 1774 1005 1832 inter
1024 1771 1155 1829 Graecos
1183 1765 1335 1844 assignans
1354 1781 1418 1820 nou

332 1871 489 1952 dubitavi,
511 1873 635 1934 omuino
654 1871 743 1933 silere
763 1893 856 1955 quam
870 1871 974 1954 paucis
993 1889 1082 1952 agere
1101 1866 1226 1926 fortasse
1239 1868 1416 1944 praestaret·

331 1969 568 2052 Verumtamen,
590 1973 727 2056 praebita
737 1963 894 2034 occasione
907 2017 917 2051 ,
939 1993 958 2032 a
972 1991 1022 2030 me
1034 1971 1197 2049 impetrare
1210 1981 1327 2044 nequeo
1340 1961 1417 2041 quin

329 2091 395 2131 rum
414 2083 445 2132 et
464 2093 599 2150 novam,
621 2083 656 2132 ut
676 2073 807 2154 opinor,
828 2080 860 2130 et
878 2089 983 2129 veram
1003 2067 1152 2127 indicem:
1175 2062 1288 2124 scilicet
1306 2061 1416 2120 Caesa-

329 2189 431 2242 ream,
469 2169 551 2228 uude
582 2168 627 2228 illi
655 2188 691 2228 ex
718 2168 835 2249 origine
862 2186 1030 2248 cognomen
1050 2163 1189 2225 additum
1209 2172 1271 2238 est,
1293 2160 1416 2221 Africae

329 2264 475 2346 oppidum
496 2285 560 2325 esse
580 2263 699 2342 videri,
720 2285 738 2324 a
759 2286 822 2346 quo
835 2265 1019 2326 Mauritania
1028 2263 1228 2325 Caesariemb
1247 2260 1328 2320 dicta
1345 2269 1412 2338 est,

328 2384 390 2423 non
419 2384 515 2424 uuum
549 2384 584 2422 ex
621 2361 701 2437 illis,
732 2360 822 2424 claris
858 2373 940 2424 certe
947 2407 960 2458 ,
980 2383 1059 2444 quae
1087 2363 1120 2421 iu
1151 2361 1226 2421 Asia
1242 2358 1410 2420 exstabant.

328 2462 404 2522 Novi
426 2461 566 2544 equidem
579 2464 731 2522 Ammiani
753 2473 784 2524 et
796 2461 955 2524 Claudiani
972 2459 1128 2543 exempla,
1148 2460 1308 2521 homiuum
1316 2460 1415 2520 Graa-

328 2580 432 2621 corum
449 2564 502 2642 qui
521 2561 634 2622 litteras
642 2562 767 2622 Latinas
781 2561 938 2645 splendide
958 2560 1169 2639 illustrarunt,
1192 2579 1290 2642 aequm
1302 2579 1414 2642 negare

328 2663 491 2720 sustineam
519 2661 582 2722 fieri
612 2662 745 2743 potuisse
768 2673 804 2724 ut
831 2664 939 2723 tertius
972 2654 1081 2744 aliquia
1108 2661 1242 2720 Graecus
1263 2681 1295 2720 se
1313 2669 1414 2720 totum

329 2759 368 2818 ad
390 2761 490 2820 Latini
512 2763 657 2822 sermonis
670 2773 764 2822 artem
778 2763 949 2823 conferret:
971 2771 1096 2845 apparet
1109 2771 1211 2820 tamen
1222 2757 1312 2841 louge
1321 2757 1414 2819 aliam

328 2857 421 2918 fuisse
448 2879 551 2920 rerum
583 2863 647 2922 vim
671 2861 729 2921 sub
758 2861 931 2922 Theodosio
959 2863 1005 2921 M.
1026 2861 1151 2943 eiusque
1171 2858 1265 2936 liliis,
1286 2857 1413 2920 florente

328 2956 427 3017 adhuc
448 2969 550 3020 vetere
570 2960 686 3039 Roma,
708 2958 799 3042 atque
818 2973 940 3021 ceumm
958 2961 1048 3021 aunis
1067 2971 1154 3043 post,
1178 2957 1266 3020 ltalia
1284 2959 1324 3018 iu.
1336 2958 1410 3019 ban

327 3054 473 3117 barorum
498 3059 674 3119 servitutem
703 3060 847 3134 redacta,
870 3059 1016 3142 nulloque
1042 3060 1085 3120 ibi
1116 3058 1285 3120 litterarum
1305 3059 1412 3119 studiis

328 3159 482 3237 proposito
506 3157 657 3237 praemio,
680 3179 777 3239 quum
794 3161 826 3218 in
843 3159 979 3220 Orientis
994 3159 1167 3243 regionibus
1182 3159 1217 3219 iis
1228 3161 1282 3240 qui
1295 3160 1412 3220 Graeca

327 3253 431 3336 lingua
452 3257 562 3338 ingenii
587 3258 752 3338 specimina
775 3258 972 3333 exhiberent,
993 3259 1088 3341 gloria
1114 3269 1145 3318 et
1172 3259 1331 3318 commoda
1359 3278 1411 3317 ce-

327 3355 444 3414 derent.
486 3357 677 3416 Priscianum
698 3357 729 3416 iu
751 3358 955 3419 Grammatico
978 3379 1070 3440 opere
1090 3360 1328 3440 quotiescunque
1349 3358 1412 3417 La·

327 3456 408 3513 tiuos
444 3455 568 3515 Graecis
593 3456 737 3537 opponit,
765 3477 879 3538 ponere
911 3457 962 3516 1112·
985 3460 1027 3518 sic
1052 3492 1093 3504 -
1111 3479 1164 3518 nos
1189 3458 1326 3536 (Latini)
1347 3459 1406 3529 sic,

327 3551 441 3633 ubique
479 3553 636 3616 ridemusr
669 3557 702 3615 iu
732 3557 912 3639 panegyrico
944 3559 1120 3640 praecipuas
1154 3556 1314 3616 Anastasio
1342 3555 1409 3616 lau·

328 3649 381 3710 dcs
412 3651 493 3736 iude¹
509 3652 616 3713 tribuit
636 3653 719 3736 quod
738 3676 771 3715 se
790 3656 935 3718 adversus
952 3655 1158 3718 'occidentalis
1187 3657 1309 3738 lmperii
1329 3659 1410 3716 circs

327 3769 346 3808 e
379 3750 476 3830 patria
512 3753 656 3834 profugos
688 3753 866 3814 munificum
893 3756 1059 3838 praebeat:
1086 3755 1120 3816 id
1147 3755 1231 3837 quod
1256 3754 1409 3837 sophistae

328 3849 444 3908 Graeco
468 3851 517 3909 vix
551 3847 728 3932 placuisset3
761 3855 822 3913 iam
852 3875 925 3916 veno
953 3856 1054 3936 potius
1082 3855 1121 3915 de
1141 3877 1195 3916 sua
1215 3855 1306 3937 ipsius
1328 3865 1409 3915 sorte

327 3949 472 4028 cogitasse
493 3951 689 4032 scriptorem,
710 3973 828 4014 censeo.
842 3987 886 4002 ·-
898 3956 1003 4033 Quum
1016 3955 1211 4016 Anastasium
1224 3954 1408 4034 laudaverit,

345 4097 497 4220 wll-mlii
517 4097 674 4220 abfigiarte
692 4089 1078 4187 'cditpmpmemuratamque
1106 4104 1230 4188 Harlerio
1256 4101 1301 4188 'ad
1327 4102 1407 4190 Fahr.

386 4204 431 4288 ni
449 4171 683 4311 natata}
699 4173 949 4300 ttttd¹ttt¹⁶⁰
968 4191 1030 4230 ‘¹¹¹³
1048 4174 1171 4246 “ihm
1188 4172 1407 4246 '’⁸¹¹¹'·⁵¹¹‘¹¹²¹¹'
