3050 4892
335 174 418 259 518
772 200 974 267 ruscum

335 348 456 437 Quare,
474 379 601 440 precor,
627 356 756 417 libenter
779 357 884 419 audias
902 370 975 437 tun,

335 460 423 535 Quae
437 468 547 517 cuneta
565 478 627 516 non
646 478 701 539 ego
719 467 829 537 potero
849 458 1039 538 producere,

334 558 405 617 Non
422 554 506 617 mille
528 556 678 617 dentursi
701 555 777 617 mihi
797 556 938 639 linguae,
958 559 1050 618 simul

334 657 419 717 Fone
441 656 543 737 ingeni
557 656 582 716 si
602 678 724 717 carmen
739 655 897 718 effundens
915 679 1052 735 novum,

334 754 394 815 Sed
414 766 499 837 parte
512 754 592 815 ferre
609 777 668 837 qua
684 754 772 815 valeo
798 776 856 837 pro
881 757 1019 830 viribus,

336 856 485 937 Decerpte
503 851 601 915 lucem
615 853 751 917 eonfemt
767 876 846 936 quae
856 856 1009 916 motibus.

337 954 429 1032 Quod
442 974 527 1013 more
548 958 625 1014 miro
649 954 701 1033 fit3
722 952 820 1014 soient
836 976 908 1014 nam
931 954 1069 1015 carmina

336 1054 460 1122 Addere
479 1053 570 1115 decue
586 1052 677 1113 rebus
703 1055 799 1135 magis
817 1074 911 1135 quam
929 1074 1059 1114 eumue.

419 1154 486 1213 Deo
502 1152 621 1212 favente
641 1154 702 1212 iam
717 1153 827 1213 subibo
846 1153 980 1237 pondera

337 1252 470 1327 leudis,
491 1272 613 1311 serenus
641 1272 719 1333 quae
738 1251 852 1312 relevat
874 1251 978 1312 vuitus
1000 1250 1077 1311 mihi

335 1352 483 1419 Praesens
500 1350 613 1431 ubique
633 1353 769 1411 cernitur
787 1354 840 1433 qui
861 1350 1019 1431 censibus,

338 1448 459 1517 Arcano
474 1449 593 1510 nudans
606 1449 749 1532 principie
767 1451 929 1511 mitissimi.

732 1676 1026 1701 W*

424 1918 537 2000 Accipe
559 1918 730 1981 Romanum
751 1918 891 1980 clementi
908 1928 1030 2000 pectore
1047 1935 1190 1994 cormer,

341 2020 475 2101 Accipe,
496 2019 579 2101 quod
592 2019 673 2081 soleo
692 2018 814 2081 caelesti
833 2018 960 2079 reddere
979 2017 1055 2099 Regi

341 2118 471 2190 Munere
489 2140 547 2199 pro
564 2121 664 2197 vitoe,
686 2140 742 2201 pro
761 2117 891 2201 pulchro
912 2117 1027 2177 lumine
1043 2114 1127 2177 eolis.

340 2216 481 2299 Namque
499 2219 600 2278 Deum
614 2221 705 2280 sentis
722 2217 836 2301 placeri
857 2219 991 2277 carmine
1011 2226 1150 2290 tentum,

342 2317 442 2395 Quem
458 2318 606 2399 sequeris,
628 2321 769 2401 princepe
788 2318 889 2379 animo
912 2315 1073 2377 iustissime
1086 2324 1201 2393 secto,

341 2417 404 2493 Qui
418 2414 475 2475 tibi
495 2438 588 2499 regna
607 2417 709 2495 dedit,
735 2420 786 2479 cui
802 2416 894 2479 debeo
919 2418 1022 2477 omnia
1039 2412 1097 2477 ooli
1138 2452 1143 2461 ·

341 2514 513 2597 Prospere,
536 2537 615 2597 quae
634 2516 722 2577 bellis
741 2518 856 2597 puriter
877 2514 928 2576 vel
944 2536 1020 2597 poce
1038 2513 1146 2577 enisu.

340 2611 450 2673 Audax
472 2634 544 2673 nam
566 2616 656 2675 venio
674 2616 835 2697 praeconia
849 2614 949 2675 dicere
969 2624 1093 2693 vestra,

270 2754 276 2769 ,
341 2712 429 2790 Quae
443 2713 510 2773 finit
528 2713 662 2792 ceolum,
684 2715 796 2798 quihus
811 2718 910 2776 omnio
924 2716 1058 2797 cingitur
1075 2714 1169 2775 orbis.

341 2812 406 2873 Nec
419 2816 530 2874 mirum
545 2813 621 2875 tales
639 2836 675 2876 ex
691 2826 777 2883 tanta
794 2818 886 2897 stirpe
902 2826 1019 2880 creetos

339 2913 498 2995 Pompeii,
519 2917 642 2996 proprio
656 2938 747 2998 quem
765 2914 897 2976 culmine
916 2916 1014 2975 Roma
1035 2913 1147 2975 locavit
1168 2959 1179 2994 ,

342 3012 434 3074 Cuius
451 3017 518 3095 quis
533 3017 642 3075 merito
662 3015 762 3077 valent
779 3035 938 3077 numerare
951 3013 1145 3097 triumphos,
1278 3054 1284 3060 ·

343 3113 429 3190 Quos
444 3114 522 3173 vidit
547 3114 639 3175 Titan
660 3113 801 3197 linquens
823 3124 1022 3196 repetensque
1041 3112 1252 3195 profundum,

343 3212 428 3289 Quos
449 3212 548 3273 medio
572 3214 698 3274 veniens
719 3222 843 3283 steterat
851 3201 989 3294 ,iniretus
1008 3208 1168 3295 Olyinpo?

339 3308 400 3371 sed
421 3322 523 3372 tamen
544 3316 684 3396 egregio,
706 3313 851 3395 Pompei,
873 3312 946 3375 cede
970 3316 1085 3395 nepoti.

340 3410 482 3494 Namque
498 3434 612 3495 genus,
632 3408 715 3495 quod
731 3424 786 3487 tu,
808 3424 959 3475 terrarum
977 3413 1076 3473 victor
1089 3412 1225 3496 ubique,

340 3507 532 3571 indomitum
551 3513 646 3573 Tauri
661 3512 821 3595 linquebae
842 3511 970 3573 collibus
986 3510 1077 3591 eltis,

344 3606 403 3672 Hic
420 3607 559 3689 domuit,
580 3610 700 3693 penitus
715 3603 888 3685 conveilens
906 3600 1021 3671 semine
1036 3609 1128 3690 belli3

344 3706 456 3784 Quod,
480 3708 559 3769 celso
568 3713 700 3793 positum
719 3710 861 3773 fortunae
879 3710 991 3772 vertice
1010 3732 1129 3793 nuper,

206 3822 210 3829 ’
342 3804 385 3867 Et
404 3806 522 3869 nullum
539 3810 631 3872 finem
648 3809 773 3879 credens
789 3809 927 3872 felicibus
943 3829 1031 3887 esse,

343 3902 439 3987 Impia
450 3907 600 3973 condebat
616 3912 705 3973 terris
721 3921 918 3977 monumenta
930 3908 1063 3984 doloris,

412 4062 497 4123 tract.
519 4066 555 4138 ¹4·
575 4069 684 4139 ingenii
699 4070 757 4127 cod.
828 4069 889 4123 Prn-
910 4086 951 4122 αι.
971 4058 1165 4123 10..·.'eo‹t
