3050 4892
316 296 398 382 292
750 289 962 356 nuceam

177 460 365 535 λαὸδόρει
385 447 404 513 ό
424 441 587 530 Μεβάδής
607 444 683 522 τοός
703 436 773 525 άμα
794 441 824 508 oi
844 439 1049 528 Σαρακητυδς
1070 443 1103 516 ές
1123 441 1235 524 λόγους
1257 441 1339 506 ἰέναι
1358 445 1401 530 τῷ

205 529 536 633 ι’”.’1’.“4υιότοιτράτορι.
573 545 694 608 εἵποντο
719 540 781 628 γάρ
823 546 911 630 ἀμφί
941 541 1016 616 τσός
1043 537 1276 627 τεσσαράκοντα
1304 541 1404 630 οἰκεάρ

175 606 379 723 Immune*
396 643 574 731 πρεσβευτῇ
590 640 784 724 ταττόμενοι.
819 641 837 707 ό
857 641 920 726 γάρ
940 641 1006 706 τῶν
1025 643 1218 724 Σαρακήνῶν
1238 637 1404 726 φόλαρχος

307 740 452 830 ’Ἀμβρος
478 743 643 824 ἐκπέμψας
673 740 801 827 ὖπήρχε
833 744 888 805 ταί
916 735 991 823 όγε
1019 738 1078 816 Eds
1096 740 1142 828 τῷ
1163 738 1309 826 Μεβιόδῃ
1330 759 1405 822 πρι-

315 845 428 927 σβείαν
448 842 754 926 διαλεχθήσομένους
775 843 851 925 περί
879 831 925 904 οἷν
944 833 1115 923 χρημάτων
1143 833 1224 924 πρός
1249 833 1422 902 Iuventus-5

317 947 399 1008 ανοό
419 938 617 1021 ἐκομίζοντο.
665 937 830 1022 Μεβιόδής
855 932 913 1003 uda
932 940 991 1002 τοό
1010 938 1134 1001 σκοποῦ
1153 938 1213 1000 τοῦ
1231 937 1309 1020 περί
1326 939 1409 1000 Σου-

316 1039 411 1117 ανίας
429 1035 591 1125 ἆμσρτιόν,
611 1032 655 1113 τός
675 1030 715 1102 ds
734 1034 779 1121 μή
802 1033 901 1124 πάντῃ
922 1029 1084 1122 ἄπρακτος
1104 1033 1317 1118 άναχιορήσοι,
1338 1030 1410 1098 ἐπι-

317 1135 495 1224 μελέστατά
514 1159 583 1213 πως
604 1129 759 1220 ήντιβόλει
779 1138 838 1221 τής
857 1135 902 1210 σός
914 1133 1048 1218 βασιλέα
1060 1141 1171 1216 τυχεῖν
1189 1131 1316 1197 εἰσόδου
1334 1129 1409 1206 sude

318 1236 532 1324 Σαρακήνοός.
573 1235 630 1301 καί
656 1225 761 1301 τοίνυν
793 1230 963 1317 όπολαβιόν
991 1228 1008 1296 ό
1038 1229 1253 1316 αὐτοκράτωρ,
1275 1236 1334 1313 „ri
1348 1227 1407 1314 γάρ

320 1337 431 1422 δήτα,”
448 1334 520 1421 ἔφη,
540 1332 728 1417 ,βούλονται
742 1332 856 1397 οὶκαθ*
877 1328 1184 1419 όμάςΣαρακήνυι’ς”
1204 1329 1247 1405 σός
1259 1331 1295 1394 δέ
1314 1326 1446 1412 dmi-so

322 1459 418 1519 μενον
437 1429 541 1520 έοόρα,
563 1435 730 1498 κατένευσε
749 1429 836 1521 μόνῳ
858 1434 991 1497 εἰσιέναι
1016 1432 1061 1519 τῷ
1082 1432 1208 1496 ἐκείνων
1227 1431 1411 1516 πρεσβευτῇ.

320 1527 472 1618 ἧπιλιτατο
494 1529 569 1616 γάρ,
590 1530 634 1607 οἷς
654 1526 975 1612 άπαυθαδιαζόμενος
994 1523 1050 1594 οόκ
1072 1522 1112 1594 άν
1133 1531 1233 1594 ἕλοιτο
1256 1519 1332 1593 άνευ
1352 1529 1410 1591 τόν

228 1654 256 1710 ν,
268 1628 484 1714 ιοςέπομένων
503 1631 547 1707 σός
566 1634 701 1714 βασιλέα
722 1633 888 1717 φοιτήσαι,
906 1625 974 1694 ἀλλ’
992 1623 1098 1711 οἷόσπερ
1117 1626 1210 1712 ἡνίκα
1228 1624 1317 1712 παρά
1334 1625 1413 1692 'Iou-

323 1727 485 1798 στινιανόν
506 1728 564 1810 §ds
585 1725 686 1795 άπασι
703 1739 769 1804 τοῖς
789 1727 859 1810 ἅμα
873 1721 981 1802 adroic
997 1729 1059 1791 τεόν
1070 1727 1263 1812 Σαρακηνιόν
1284 1724 1316 1790 οἱ
1340 1725 1414 1809 πρέ-

323 1835 412 1914 σβεις
431 1831 588 1915 ἐγίνοντο,
616 1827 674 1894 καί
699 1829 752 1894 τόν
781 1823 865 1894 οὕτω
887 1827 1062 1906 βούλεσθαι
1081 1822 1117 1890 τό
1138 1821 1274 1909 σόνήθτς
1296 1819 1447 1889 denuoi-15

326 1933 419 2006 ζοντα
437 1931 586 2014 ποιήσειν.
628 1929 777 1994 ἐντεῦθέν
796 1951 831 1992 τε
852 1924 1059 2011 εόπρόσωπον
1081 1919 1158 2012 ᾤετο
1178 1928 1259 2002 ἕξειν
1280 1923 1414 2004 αἰτίαν,
1505 1941 1506 1946 ’

326 2025 371 2105 ὥς
391 2026 491 2106 αότός
518 2031 578 2110 μὲν
598 2025 639 2091 τά
659 2023 801 2111 άρμόδια
821 2029 952 2108 βασιλεῖ
968 2023 1175 2110 διεπράξατο,
1208 2021 1227 2087 ό
1251 2025 1289 2087 δὲ
1309 2025 1417 2106 Σαρα-

325 2123 419 2213 κήνός
446 2121 558 2211 ἥκιστα
584 2123 666 2207 ἔγνω
686 2123 736 2189 τά
749 2126 879 2190 δέοντα·
910 2116 977 2188 εἶτα
1005 2118 1086 2186 κατά
1110 2121 1149 2206 δή
1171 2124 1229 2186 τοῦ
1247 2117 1416 2206 βαρβάρου

325 2221 613 2308 ἀποστραφήσεται
633 2219 670 2285 τό
683 2221 855 2307 ἐπίκλημα.
894 2223 952 2286 καί
972 2220 1029 2284 οὔκ
1051 2212 1118 2296 [όν]
1139 2212 1242 2296 άλλως
1263 2207 1418 2304 άπέβή,ή
1505 2239 1506 2284 t

324 2318 475 2407 βασιλεός
506 2318 709 2401 ἐστοχάσατο.
751 2320 768 2384 ό
797 2318 857 2404 γάρ
889 2317 929 2403 δή
962 2315 1147 2403 Σαρακηνός
1175 2316 1316 2400 άπρεπὲς
1337 2311 1450 2392 rimu
1505 2399 1506 2410 ἵ

325 2417 361 2486 τό
384 2418 538 2502 παρεῖναί
553 2415 583 2482 οἱ
601 2413 688 2506 μόνῳ
712 2416 756 2493 τός
775 2419 911 2501 βασιλέα
930 2415 1149 2502 ὑποτοπήσας,
1170 2417 1227 2478 καί
1243 2411 1281 2479 τό
1302 2415 1418 2500 κρατή·
1505 2475 1506 2484 .

326 2512 389 2582 σαν
415 2518 514 2601 δήθεν
533 2514 704 2580 καταλόειν
724 2509 787 2598 οάχ
819 2515 961 2601 αἱρετέον
987 2511 1087 2604 atiud,
1109 2510 1288 2600 άπήνήνατο
1311 2511 1373 2598 τήν
1390 2513 1421 2586 ἐς

398 2651 440 2694 ιο.
459 2631 533 2717 ἡμᾶς
549 2633 620 2704 vulg.
660 2635 700 2687 15.
717 2637 767 2688 καὶ
783 2633 865 2690 τόνδε
883 2634 917 2688 II.
965 2653 1003 2706 rp
1023 2631 1107 2701 ru,
1124 2651 1154 2688 rs
1169 2635 1256 2705 vulp,
1275 2628 1292 2700 ἢ
1314 2617 1373 2696 eju
1388 2630 1419 2684 II-
1505 2613 1506 2688 I

396 2722 439 2759 αι.
458 2720 490 2756 το
510 2705 560 2770 lt,
579 2706 619 2774 τρῖ
635 2705 708 2776 vulg.

327 2831 486 2895 Saracenis,
510 2836 558 2903 qui
587 2850 649 2886 cum
673 2849 706 2887 eo
728 2842 819 2897 erant,
847 2837 1043 2902 Imperatorem
1060 2833 1182 2886 adeundi
1200 2839 1324 2903 potestas
1344 2838 1417 2885 esset

327 2905 414 2960 Erant
441 2905 515 2956 enim
543 2904 574 2958 in
599 2907 658 2956 eius
686 2907 817 2957 comitatu
841 2905 949 2956 circiter
975 2904 1156 2976 quadraginta
1186 2905 1299 2974 proprio
1330 2903 1418 2970 legato

327 2980 465 3096 pluentes.
506 2973 619 3027 Miserat
643 2983 734 3027 sutem
760 2991 822 3026 eum
848 2975 967 3026 Mehode
985 2973 1111 3038 Ambrus,
1134 2975 1334 3026 Saracenorum
1352 2973 1420 3040 phy·

358 3043 447 3108 rchus,
465 3053 492 3097 et
510 3046 570 3114 ipse
587 3046 705 3115 legatos,
720 3046 772 3116 qui
790 3045 825 3097 de
862 3047 977 3109 ecuniis‚
997 3063 1064 3116 quas
1083 3063 1098 3097 a
1114 3045 1269 3097 Iustiniano
1287 3043 1421 3113 impetra·

328 3123 440 3176 verant,
458 3123 577 3183 agerent,
613 3117 710 3185 Itaque
726 3132 787 3166 cum
801 3063 943 3178 uododer,
961 3122 1091 3185 quantum
1110 3115 1144 3166 ad
1167 3115 1296 3167 Suaniam
1320 3112 1421 3165 attine-

330 3183 396 3247 bat,
414 3202 462 3253 spe
480 3201 529 3236 sus
547 3184 710 3249 excidisset,
734 3202 771 3237 ne
794 3185 871 3236 nulia
890 3203 918 3237 re
940 3186 1055 3237 obtenta
1072 3185 1244 3248 diseederet,
1263 3199 1329 3234 cura
1349 3181 1422 3233 omni

332 3256 492 3315 contendit,
516 3261 548 3306 ut
571 3257 766 3308 Saracenorum
790 3256 872 3325 iegati
897 3254 1002 3308 aditum
1022 3255 1057 3307 ed
1074 3257 1266 3325 Imperatorem
1284 3255 1423 3305 nancisce-

331 3333 435 3377 rentur.
478 3327 520 3376 De
549 3340 582 3375 ea
606 3341 717 3376 recum
740 3325 867 3378 MebodIs
893 3327 1045 3378 orationem
1070 3328 1222 3395 Imperator
1253 3325 1422 3392 excepisset,

332 3395 429 3466 „Quid
449 3395 530 3448 nobis
547 3395 653 3458 volunt,
670 3396 778 3466 inquit,
797 3396 966 3448 Saraceni?''
995 3404 1027 3447 ut
1042 3396 1192 3448 instantem
1209 3395 1291 3456 vidit,
1311 3408 1423 3445 conoes-

333 3468 371 3516 sit
390 3481 482 3518 eorum
509 3467 616 3535 iegato,
641 3472 673 3518 ut
688 3464 763 3517 sotus
782 3463 816 3516 ad
841 3483 870 3518 se
891 3465 1038 3518 accederet.
1075 3466 1172 3536 Neque
1194 3467 1268 3518 enim
1286 3463 1422 3534 legatum,

334 3536 384 3605 qui
408 3536 553 3604 superbior
576 3544 652 3599 erat,
681 3534 862 3588 toleraturum
886 3535 1078 3598 eristiusabat‚
1096 3545 1128 3588 ut
1147 3537 1258 3588 remotis
1277 3534 1422 3587 comitibus

334 3605 366 3655 in
383 3605 558 3673 Imperatoris
575 3614 748 3674 conspectum
757 3606 876 3658 reniret:
896 3607 945 3659 sed
965 3605 1194 3676 quemadmodum
1213 3605 1356 3676 quondam
1372 3605 1425 3654 Ina·

335 3683 490 3743 peratorem
515 3676 697 3728 Iustininnum
722 3692 815 3728 eorum
842 3675 924 3748 legati
956 3694 1017 3730 eum
1041 3676 1167 3729 omnibur
1195 3674 1345 3730 comitibus
1370 3673 1424 3726 suis

335 3743 487 3806 adiissent,
513 3745 716 3817 huncquoque
740 3747 907 3816 pertinteius
925 3746 954 3798 in
980 3763 1013 3800 eo
1030 3747 1209 3818 perstiturum
1228 3763 1298 3808 esse,
1320 3753 1351 3796 ut
1369 3757 1423 3794 mor
1505 3785 1506 3820 ή

336 3814 434 3866 solitus
453 3813 649 3868 observaretur.
685 3815 748 3886 Qua
776 3817 805 3868 iu
823 3834 852 3869 re
875 3819 1026 3885 Imperator
1054 3834 1082 3870 se
1100 3817 1197 3885 optimi
1218 3816 1286 3869 iurir
1307 3813 1424 3883 speeiem

334 3900 401 3954 prae
419 3901 449 3936 se
468 3884 586 3936 intusum
605 3903 663 3940 esse
673 3886 800 3954 speravit,
817 3887 892 3956 quod
909 3887 969 3956 ipse
986 3903 1057 3956 quae
1071 3889 1269 3956 Imperatorem
1288 3884 1425 3943 decerent,

334 3955 461 4017 fecittot,
479 3955 627 4006 Saracenos
644 3965 735 4008 sutem
751 3958 883 4020 minime,
923 3973 973 4009 uae
992 3957 1052 4010 fieri
1070 3958 1253 4026 oportuisset,
1272 3953 1427 4007 intellexis-

335 4031 390 4076 set:
410 4041 440 4078 ss
456 4025 541 4094 igitur
558 4041 666 4078 omnem
684 4026 791 4095 culpem
813 4030 841 4078 in
860 3975 1007 4080 indiarum
1024 4028 1221 4080 coniecturum.
1257 4026 1354 4098 Neque
1373 4023 1426 4074 sii-

335 4101 379 4148 ter
403 4112 445 4148 res
474 4091 591 4157 cecidit,
618 4113 699 4166 quam
717 4097 869 4164 suspicatus
888 4099 978 4150 iuerat
994 4099 1152 4166 Imperator,
1187 4097 1295 4151 Etenim
1314 4095 1426 4146 Sarace-

335 4181 388 4222 nus
404 4163 481 4218 haud
498 4163 626 4219 decorum
643 4166 699 4220 sibi
716 4181 775 4220 esse
791 4167 959 4233 eruemus,
975 4168 1063 4221 solum
1081 4167 1141 4221 sine
1162 4167 1220 4220 ullo
1239 4166 1373 4220 conium
1390 4159 1424 4214 ad
