3050 4892
289 307 331 370 nt
357 301 542 371 aucuns
569 303 826 368 unorniurs
854 301 1051 381 amman.
1148 273 1235 385 589
1311 276 1316 286 '

26 525 28 550 ἱ
154 453 303 523 οἰοιῖαέὲοι
323 483 343 522 α
364 462 408 523 ud
426 475 556 524 sancum
582 463 717 523 Petrum.
759 459 864 522 Scribe
882 480 969 535 ιιιοι,
999 472 1108 542 nempe
1136 459 1233 520 hon·

26 553 28 559 ’
155 549 253 622 tium,
275 556 310 607 ut
358 567 444 607 raeca
458 545 614 610 manifeste
622 545 763 606 edocent:
787 539 804 605 ὅ
825 541 860 604 δὲ
880 540 1043 622 πατρίκιος
1054 531 1154 613 ”Illuc
1171 536 1232 604 οὖν

151 625 294 712 Λεοντίῳ
322 628 378 690 καί
407 634 473 701 τοῖς
497 631 617 699 λοιποῖς
644 624 851 707 παραγίνεται
870 623 903 695 ἐς
922 623 957 686 τὰ
980 621 1153 701 Πααορίοο
1176 647 1234 684 κο-

150 710 275 770 στὲλλιν
306 707 361 770 sol
389 705 549 790 ἐξαγαγών
579 708 715 790 Βιρίναν
754 706 800 778 εἰς
845 705 971 787 Ταρσὸν
999 707 1055 787 τῆς
1083 705 1233 779 Κιλικίοις

26 789 28 866 j
151 789 296 872 ἐποίησιν
311 787 411 872 αὐτὴν
424 793 541 870 στέψαι
562 788 623 868 ἔξω
640 790 695 873 τῆς
714 788 838 861 πόλεως
857 789 903 862 εἰς
919 788 977 852 τόν
999 783 1091 869 ἅγιον
1100 788 1232 869 Πέτρον

26 883 28 892 “
149 871 282 950 βασιλέα
303 868 457 936 Λεόντιον
475 869 531 936 τὸν
552 870 728 955 πατρίκιοι.
771 872 828 935 καὶ
852 865 1039 954 ἔγραψινῆ
1081 869 1231 932 δέσποινα

26 1025 28 1034 ,
147 951 269 1036 Βερίνα
290 955 413 1037 scirpus
441 963 507 1029 τοῖς
542 955 740 1035 Ἀντιοχεῦσι
761 949 879 1037 Σύροις
898 965 955 1019 etc.
996 957 1084 1034 Quae
1106 975 1179 1013 vero
1192 954 1231 1014 ad

26 1035 28 1062 ‘
148 1048 278 1098 mortem
299 1040 431 1102 Zenonis
451 1051 587 1122 spectant
612 1050 712 1124 repete
745 1040 787 1101 sis
815 1061 851 1102 ex
877 1038 1053 1123 vulgaribus
1081 1036 1230 1099 historicis

145 1118 428 1206 Chronicoriuuque
446 1123 657 1206 scriptoribus.
1005 1122 1009 1129 ’

290 1475 324 1549 E
352 1471 733 1556 THEOPHANE
766 1467 1092 1550 ΒΥΖΑΝΤΙΟ.

230 1623 255 1684 Β
293 1626 392 1686 antius
419 1625 470 1686 hic
500 1624 701 1706 Theophanes
732 1626 855 1685 omniuo
886 1623 1025 1684 diversus
1048 1635 1094 1683 est
1115 1634 1181 1683 tum
1209 1623 1261 1684 al'·
1280 1637 1329 1677 ¹¹⁰

140 1645 334 1789 Theopihnc
347 1707 456 1769 Lesbio
472 1712 536 1770 sive
549 1707 750 1791 Mitylenaeo,
772 1708 858 1767 carius
868 1707 1033 1766 meminere
1046 1705 1228 1792 Plutarchus

140 1794 173 1851 in
201 1791 365 1871 Pompeio,
386 1791 518 1868 Strabo,
542 1789 718 1852 Paterculus
745 1789 881 1870 aliique,
916 1799 984 1848 tum
1006 1810 1025 1848 a
1042 1790 1227 1850 sanctissimo

139 1874 258 1934 Christi
280 1872 448 1936 confessore
477 1875 684 1955 Theophane,
704 1871 947 1932 lMonachorum
978 1871 1052 1952 Agri
1078 1872 1227 1951 praefecto

138 1959 208 2018 sive
239 1955 359 2016 Abbate
387 1959 489 2038 (quem
517 1961 617 2017 minus
651 1957 785 2035 apposite
815 1955 980 2035 Georgium
1007 1953 1166 2034 nonnulli,
1196 1965 1227 2014 ct

138 2049 210 2122 post
231 2037 449 2098 Leunclavium
472 2041 505 2098 iu
526 2040 634 2099 Latina
662 2035 820 2098 Michaelis
846 2036 959 2118 Glycae
991 2039 1129 2096 versione
1161 2037 1225 2096 ruri

139 2123 277 2204 degentis
307 2132 409 2181 coetus
446 2120 631 2202 praefectum
657 2120 781 2199 dicunt3
806 2120 952 2201 cuiusque
980 2118 1153 2179 Chronicon
1184 2118 1225 2178 ab

26 2201 27 2228 ³
139 2203 353 2266 Anastasius.
373 2206 411 2264 R.
426 2203 466 2264 Ε.
487 2203 721 2264 Bibliothecario
744 2203 908 2262 Latinitate
930 2202 1140 2262 mirobarbara
1160 2223 1226 2261 ma·

139 2289 255 2348 ximam
277 2294 393 2367 partem
414 2285 590 2363 redditum,
617 2298 708 2369 atque
730 2307 749 2346 a
770 2283 922 2346 Landulfo
947 2283 1054 2366 Sagaci
1071 2285 1223 2346 Miscellae

140 2369 293 2430 Historiae
318 2371 443 2451 sparsim
473 2371 641 2445 insertum,
664 2369 750 2450 regiis
780 2368 860 2450 typis
883 2370 916 2427 in
946 2367 1044 2428 lucem
1069 2368 1223 2449 publicam

137 2473 221 2512 nuuc
240 2455 372 2534 primum
388 2453 467 2530 exit).
510 2447 598 2512 Nulla
614 2464 649 2511 ut
666 2454 744 2511 iusta
761 2453 833 2512 satis
854 2452 985 2532 suspicio
1006 2451 1131 2513 eruditis
1150 2453 1225 2512 viris

136 2555 201 2596 esse
222 2537 371 2617 potuerit,
394 2556 450 2596 cur
469 2546 569 2596 nuder
592 2534 665 2611 hic,
687 2537 751 2617 qui·
765 2555 812 2594 res
832 2555 906 2609 suo,
935 2545 971 2594 ut
991 2535 1128 2612 videtur,
1146 2546 1224 2594 tem·
1334 2584 1337 2589 .

179 2639 213 2679 re
234 2617 290 2678 sub
305 2619 420 2678 Iustino
437 2617 560 2679 iuniore
580 2628 698 2699 gestas,
724 2621 804 2678 circa
825 2639 940 2678 annum
962 2619 1115 2678 Dominici
1133 2619 1223 2680 Nata-

137 2639 178 2760 lis)
203 2699 275 2761 580.
298 2701 488 2780 conscripsit,
517 2701 598 2760 idem
623 2700 715 2759 fuerit
736 2721 807 2760 cum
831 2720 882 2777 eo,
904 2702 958 2783 qui
981 2710 1050 2782 post
1078 2701 1223 2763 ducentos

137 2791 169 2842 et
192 2781 275 2864 quod
291 2783 421 2842 excurrit
442 2802 536 2842 annos
559 2781 658 2840 adhuc
674 2791 824 2862 superstes
848 2794 922 2848 crat.

222 2863 361 2944 Pagai.
373 2861 505 2945 Α.[483,
518 2863 566 2946 3.]
589 2863 719 2925 bertinus
736 2864 908 2948 Imperator
928 2877 958 2924 et
973 2863 1126 2942 (ιλιοινοέι,
1144 2865 1222 2925 Per-

134 2967 242 3008 sarum
262 2967 331 3006 νεα.
372 2947 650 3027 lnterpretationem
672 2947 715 3006 sic
734 2967 878 3006 recense:
900 2945 982 3031 φανά
998 2949 1093 3030 napus
1108 2948 1221 3026 foede-

135 3030 217 3090 ribus
237 3041 373 3090 exornem
393 3041 451 3102 est,
488 3051 564 3111 ᾳιιαε
586 3051 606 3089 a
627 3029 791 3090 Ῑιιοιίιιίαιιο
812 3027 997 3113 Imperatore
1016 3043 1046 3089 et
1067 3030 1197 3090 θλιοιιοὲ
1207 3075 1217 3104 ,

133 3113 298 3174 Persarum
318 3132 404 3192 rege,
426 3113 579 3172 constituta
604 3113 756 3173 solvet-wit
776 3111 919 3172 ΟΙιοινοὲἱι
939 3114 1001 3195 ipse
1019 3126 1051 3172 et
1067 3112 1215 3188 Ῑιιιτὺιιιο,

133 3195 297 3257 Iustiniani
318 3214 470 3268 sriccessor,
493 3207 617 3254 exewzte
635 3195 728 3255 altero
748 3197 868 3279 imperii
886 3215 976 3255 αιινιο.
1017 3197 1218 3256 lastinianum

135 3289 217 3350 certe
237 3280 270 3338 in
298 3275 398 3337 locum
418 3277 523 3336 lustini
553 3275 780 3359 subrogandum
799 3297 876 3357 csse,
898 3277 1038 3338 dubitare
1055 3298 1118 3339 non
1146 3279 1219 3340 sinit

134 3364 227 3422 series
248 3363 416 3436 orationis3
437 3359 618 3441 firmantque
637 3364 755 3435 omnia,
784 3381 862 3442 quae
884 3359 922 3420 de
940 3362 1021 3422 initis
1042 3382 1104 3422 nou
1124 3361 1217 3423 semel

133 3463 226 3524 opera
248 3445 375 3504 maxime
395 3443 479 3503 Petri
502 3444 625 3503 Patricii
647 3454 737 3526 atque
757 3443 925 3504 officiorum
943 3445 1081 3526 Magistri
1103 3446 1216 3506 Roma-

132 3545 191 3586 nos
212 3529 346 3587 interae
374 3526 481 3586 Persas
509 3525 679 3587 foederibus
708 3527 847 3609 pluribus
875 3546 909 3586 ex
951 3538 1030 3587 nunt
1048 3528 1216 3609 Procopius

131 3615 200 3670 tum
220 3607 275 3668 lih.
299 3629 330 3669 ο.
347 3609 538 3678 Persicorum
558 3631 629 3691 pag.
645 3609 713 3688 4ο,
736 3621 803 3670 tum
822 3607 878 3670 lib.
918 3652 927 3668 .
947 3609 1085 3671 debello
1107 3611 1214 3688 Goth„

132 3699 165 3750 et
195 3692 363 3752 Menander
391 3692 548 3752 Protector
577 3693 607 3752 in
627 3693 786 3774 Excetptis
817 3692 1002 3774 legationum
1032 3715 1102 3776 pag.
1128 3697 1213 3772 133„

131 3771 186 3832 uhi
217 3775 296 3834 inter
329 3786 428 3835 cetera
459 3774 577 3834 dicitur
603 3775 711 3837 Petrus
738 3775 791 3836 ille
819 3770 983 3852 Ῥωμαίων
1020 3771 1214 3858 πρεσβευτὴς

131 3848 343 3935 ἀποχρώντως
363 3851 445 3936 ἔχων
464 3857 522 3936 τῆς
540 3877 577 3918 τε
597 3846 692 3938 ἄλλης
711 3856 858 3928 παιδείας
877 3857 932 3919 καί
950 3859 1007 3938 τῆς
1018 3859 1081 3920 τῶν
1093 3853 1210 3934 νόμον,

129 3945 162 3996 ct
181 3957 267 4020 seqq.
296 3941 363 4022 ¹37·
393 3941 460 4022 139.
486 3935 553 4018 ido.
584 3939 662 4018 ι4ι.,
685 3941 716 4000 in
737 3939 847 4024 quibus
868 3941 1057 4003 conditiones
1077 3947 1157 4024 pacti
1178 3944 1210 4001 in

130 4037 227 4080 anuos
247 4021 362 4104 quinqu
402 4025 463 4083 ’nta
481 4021 610 4083 foederis
629 4025 808 4098 recitantur,
825 4042 901 4166 «pias
917 4027 1016 4107 quiris
1034 4043 1213 4107 percurrero

129 4109 239 4180 potat.
279 4103 379 4164 Viden
400 4127 418 4164 a
441 4125 585 4188 quoque,
617 4127 696 4188 quac
718 4107 757 4168 de
778 4107 815 4167 iis
859 4106 952 4169 abent
976 4107 1123 4190 agathias
1143 4103 1211 4185 ld,

128 4201 162 4264 p.
183 4185 250 4271 ¹37·
269 4197 300 4248 ct
319 4186 518 4271 Theophanes
537 4187 700 4252 Οοοῖειοοο
720 4192 752 4254 in
773 4189 938 4254 Chronico.
978 4193 1066 4272 Quae
1085 4191 1208 4271 omum,
