<?xml version="1.0" encoding="UTF-8"?>
<!DOCTYPE html PUBLIC "-//W3C//DTD XHTML 1.0 Transitional//EN"
    "http://www.w3.org/TR/xhtml1/DTD/xhtml1-transitional.dtd">
<html xmlns="http://www.w3.org/1999/xhtml" xml:lang="en" lang="en">
 <head>
  <title>
</title>
<meta http-equiv="Content-Type" content="text/html;charset=utf-8" />
  <meta name='ocr-system' content='tesseract 3.04.00' />
  <meta name='ocr-capabilities' content='ocr_page ocr_carea ocr_par ocr_line ocrx_word'/>
</head>
<body>
  <div class='ocr_page' id='page_1' title='image "./corpusscriptoru41niebgoog/corpusscriptoru41niebgoog_0684.png"; bbox 0 0 3050 4892; ppageno 0'>
   <div class='ocr_carea' id='block_1_1' title="bbox 342 187 1374 292">
    <p class='ocr_par' dir='ltr' id='par_1_1' title="bbox 342 172 1457 329">
     <span class='ocr_line' id='line_1_1' title="bbox 342 187 1374 292; baseline 0.003 -21"><span class='ocrx_word' id='word_1_1' title='bbox 342 187 429 272; x_wconf 89' lang='lat'><strong>600</strong></span> <span class='ocrx_word' id='word_1_2' title='bbox 497 207 1009 292; x_wconf 64' lang='lat' dir='ltr'><strong>numantinorum</strong></span> <span class='ocrx_word' id='word_1_3' title='bbox 1027 207 1374 276; x_wconf 66' lang='lat' dir='ltr'><strong>reremaneret</strong></span> 
     </span>
    </p>
   </div>
   <div class='ocr_carea' id='block_1_2' title="bbox 336 361 1402 2190">
    <p class='ocr_par' dir='ltr' id='par_1_2' title="bbox 339 361 1396 512">
     <span class='ocr_line' id='line_1_2' title="bbox 339 361 1396 449; baseline 0 -23"><span class='ocrx_word' id='word_1_4' title='bbox 339 387 409 449; x_wconf 85' lang='lat' dir='ltr'><strong>que.</strong></span> <span class='ocrx_word' id='word_1_5' title='bbox 450 363 567 425; x_wconf 84' lang='lat' dir='ltr'><strong>Verum</strong></span> <span class='ocrx_word' id='word_1_6' title='bbox 584 363 661 424; x_wconf 86' lang='lat' dir='ltr'><strong>mihi</strong></span> <span class='ocrx_word' id='word_1_7' title='bbox 684 361 934 446; x_wconf 81' lang='lat' dir='ltr'><strong>temperandum,</strong></span> <span class='ocrx_word' id='word_1_8' title='bbox 955 384 995 424; x_wconf 88' lang='lat' dir='ltr'><strong>ne</strong></span> <span class='ocrx_word' id='word_1_9' title='bbox 1014 373 1279 425; x_wconf 77' lang='lat' dir='ltr'><strong>mnotatanostra</strong></span> <span class='ocrx_word' id='word_1_10' title='bbox 1299 366 1396 426; x_wconf 78' lang='lat' dir='ltr'><strong>nimian</strong></span> 
     </span>
     <span class='ocr_line' id='line_1_3' title="bbox 342 445 709 512; baseline -0.011 0"><span class='ocrx_word' id='word_1_11' title='bbox 342 449 561 512; x_wconf 73' lang='lat' dir='ltr'><strong>mcmscantin</strong></span> <span class='ocrx_word' id='word_1_12' title='bbox 586 445 709 508; x_wconf 86' lang='lat' dir='ltr'><strong>molem.</strong></span> 
     </span>
    </p>

    <p class='ocr_par' dir='ltr' id='par_1_3' title="bbox 338 525 1402 1256">
     <span class='ocr_line' id='line_1_4' title="bbox 421 525 1399 614; baseline -0.002 -23"><span class='ocrx_word' id='word_1_13' title='bbox 421 525 788 614; x_wconf 73' lang='lat' dir='ltr'><strong>Pag.23.13.[486‚19.]</strong></span> <span class='ocrx_word' id='word_1_14' title='bbox 810 529 952 589; x_wconf 54' lang='lat' dir='ltr'><strong>&amp;merois</strong></span> <span class='ocrx_word' id='word_1_15' title='bbox 970 526 1076 590; x_wconf 78' lang='lat' dir='ltr'><strong>Dorus</strong></span> <span class='ocrx_word' id='word_1_16' title='bbox 1103 543 1303 612; x_wconf 72' lang='lat' dir='ltr'><em>oppugnatam</em></span> <span class='ocrx_word' id='word_1_17' title='bbox 1320 530 1399 589; x_wconf 64' lang='lat' dir='ltr'><strong>ruta</strong></span> 
     </span>
     <span class='ocr_line' id='line_1_5' title="bbox 338 611 1402 698; baseline -0.003 -24"><span class='ocrx_word' id='word_1_18' title='bbox 338 614 426 698; x_wconf 81' lang='lat' dir='ltr'><strong><em>cepit.</em></strong></span> <span class='ocrx_word' id='word_1_19' title='bbox 456 611 645 674; x_wconf 82' lang='lat' dir='ltr'><strong>Biclariensis</strong></span> <span class='ocrx_word' id='word_1_20' title='bbox 653 611 758 674; x_wconf 82' lang='lat' dir='ltr'><strong>Abbas</strong></span> <span class='ocrx_word' id='word_1_21' title='bbox 766 611 957 673; x_wconf 87' lang='lat' dir='ltr'><strong>inChrouico</strong></span> <span class='ocrx_word' id='word_1_22' title='bbox 969 622 1160 693; x_wconf 80' lang='lat' dir='ltr'><strong>praepostere</strong></span> <span class='ocrx_word' id='word_1_23' title='bbox 1173 613 1402 694; x_wconf 82' lang='lat' dir='ltr'><strong>expugnationem</strong></span> 
     </span>
     <span class='ocr_line' id='line_1_6' title="bbox 338 693 1402 778; baseline -0.005 -20"><span class='ocrx_word' id='word_1_24' title='bbox 338 695 432 758; x_wconf 82' lang='lat' dir='ltr'><strong>huius</strong></span> <span class='ocrx_word' id='word_1_25' title='bbox 460 697 591 758; x_wconf 82' lang='lat' dir='ltr'><strong>civitatis</strong></span> <span class='ocrx_word' id='word_1_26' title='bbox 609 695 666 758; x_wconf 81' lang='lat' dir='ltr'><strong>suh</strong></span> <span class='ocrx_word' id='word_1_27' title='bbox 692 716 774 756; x_wconf 87' lang='lat' dir='ltr'><strong>anno</strong></span> <span class='ocrx_word' id='word_1_28' title='bbox 810 695 917 756; x_wconf 83' lang='lat' dir='ltr'><strong>tustini</strong></span> <span class='ocrx_word' id='word_1_29' title='bbox 945 705 1053 756; x_wconf 82' lang='lat' dir='ltr'><strong>octavo</strong></span> <span class='ocrx_word' id='word_1_30' title='bbox 1082 693 1230 771; x_wconf 84' lang='lat' dir='ltr'><strong>collocat,</strong></span> <span class='ocrx_word' id='word_1_31' title='bbox 1267 706 1402 778; x_wconf 80' lang='lat' dir='ltr'><strong>postqum</strong></span> 
     </span>
     <span class='ocr_line' id='line_1_7' title="bbox 338 777 1400 920; baseline 0 -82"><span class='ocrx_word' id='word_1_32' title='bbox 338 781 401 840; x_wconf 90' lang='lat' dir='ltr'><strong>iam</strong></span> <span class='ocrx_word' id='word_1_33' title='bbox 422 777 463 841; x_wconf 88' lang='lat' dir='ltr'><strong>ab</strong></span> <span class='ocrx_word' id='word_1_34' title='bbox 478 800 558 842; x_wconf 86' lang='lat' dir='ltr'><strong>anno</strong></span> <span class='ocrx_word' id='word_1_35' title='bbox 576 781 608 840; x_wconf 91' lang='lat' dir='ltr'><strong>in</strong></span> <span class='ocrx_word' id='word_1_36' title='bbox 632 777 774 840; x_wconf 87' lang='lat' dir='ltr'><strong>morbum</strong></span> <span class='ocrx_word' id='word_1_37' title='bbox 791 777 961 854; x_wconf 81' lang='lat' dir='ltr'><strong>incidisset,</strong></span> <span class='ocrx_word' id='word_1_38' title='bbox 980 779 1035 864; x_wconf 80' lang='lat' dir='ltr'><strong>qni</strong></span> <span class='ocrx_word' id='word_1_39' title='bbox 1044 822 1054 854; x_wconf 86' lang='lat'>‚</span> <span class='ocrx_word' id='word_1_40' title='bbox 1073 787 1108 838; x_wconf 85' lang='lat' dir='ltr'><strong>nt</strong></span> <span class='ocrx_word' id='word_1_41' title='bbox 1124 779 1187 854; x_wconf 89' lang='lat' dir='ltr'><strong>ait,</strong></span> <span class='ocrx_word' id='word_1_42' title='bbox 1211 777 1253 836; x_wconf 73' lang='lat' dir='ltr'><strong>ab</strong></span> <span class='ocrx_word' id='word_1_43' title='bbox 1268 779 1333 838; x_wconf 70' lang='lat' dir='ltr'><strong>aliu</strong></span> <span class='ocrx_word' id='word_1_44' title='bbox 1349 782 1400 920; x_wconf 64' lang='lat' dir='ltr'><strong>pd-</strong></span> 
     </span>
     <span class='ocr_line' id='line_1_8' title="bbox 338 861 1400 944; baseline -0.005 -21"><span class='ocrx_word' id='word_1_45' title='bbox 338 863 408 923; x_wconf 85' lang='lat' dir='ltr'><strong>dem</strong></span> <span class='ocrx_word' id='word_1_46' title='bbox 425 863 539 924; x_wconf 77' lang='lat' dir='ltr'><strong>cerebri</strong></span> <span class='ocrx_word' id='word_1_47' title='bbox 553 864 660 938; x_wconf 71' lang='lat' dir='ltr'><strong>niodo,</strong></span> <span class='ocrx_word' id='word_1_48' title='bbox 678 863 717 922; x_wconf 82' lang='lat' dir='ltr'><strong>ad</strong></span> <span class='ocrx_word' id='word_1_49' title='bbox 729 861 800 922; x_wconf 77' lang='lat' dir='ltr'><strong>alir&#39;s</strong></span> <span class='ocrx_word' id='word_1_50' title='bbox 816 861 991 922; x_wconf 69' lang='lat' dir='ltr'><strong>dmmomon</strong></span> <span class='ocrx_word' id='word_1_51' title='bbox 1007 864 1131 922; x_wconf 70' lang='lat' dir='ltr'><strong>areanae</strong></span> <span class='ocrx_word' id='word_1_52' title='bbox 1146 862 1316 944; x_wconf 66' lang='lat' dir='ltr'><strong>pamma.</strong></span> <span class='ocrx_word' id='word_1_53' title='bbox 1374 882 1400 918; x_wconf 90' lang='lat' dir='ltr'><strong>u-</strong></span> 
     </span>
     <span class='ocr_line' id='line_1_9' title="bbox 339 944 1400 1028; baseline -0.004 -22"><span class='ocrx_word' id='word_1_54' title='bbox 339 947 442 1028; x_wconf 80' lang='lat' dir='ltr'><strong>ngrius</strong></span> <span class='ocrx_word' id='word_1_55' title='bbox 476 947 575 1024; x_wconf 86' lang='lat' dir='ltr'><strong>enim,</strong></span> <span class='ocrx_word' id='word_1_56' title='bbox 607 945 771 1006; x_wconf 70' lang='lat' dir='ltr'><strong>simocatta</strong></span> <span class='ocrx_word' id='word_1_57' title='bbox 798 955 830 1006; x_wconf 89' lang='lat' dir='ltr'><strong>et</strong></span> <span class='ocrx_word' id='word_1_58' title='bbox 851 944 1036 1027; x_wconf 86' lang='lat' dir='ltr'><strong>Nicephorus</strong></span> <span class='ocrx_word' id='word_1_59' title='bbox 1067 954 1241 1020; x_wconf 74' lang='lat' dir='ltr'><strong>testantur,</strong></span> <span class='ocrx_word' id='word_1_60' title='bbox 1268 965 1302 1003; x_wconf 83' lang='lat' dir='ltr'><strong>ex</strong></span> <span class='ocrx_word' id='word_1_61' title='bbox 1323 946 1400 1002; x_wconf 89' lang='lat' dir='ltr'><strong>nimio</strong></span> 
     </span>
     <span class='ocr_line' id='line_1_10' title="bbox 340 1025 1402 1110; baseline -0.001 -24"><span class='ocrx_word' id='word_1_62' title='bbox 340 1025 446 1090; x_wconf 88' lang='lat' dir='ltr'><strong>dolore</strong></span> <span class='ocrx_word' id='word_1_63' title='bbox 466 1027 505 1088; x_wconf 89' lang='lat' dir='ltr'><strong>de</strong></span> <span class='ocrx_word' id='word_1_64' title='bbox 514 1027 606 1090; x_wconf 86' lang='lat' dir='ltr'><strong>Daris</strong></span> <span class='ocrx_word' id='word_1_65' title='bbox 627 1029 722 1110; x_wconf 84' lang='lat' dir='ltr'><strong>captis</strong></span> <span class='ocrx_word' id='word_1_66' title='bbox 742 1040 910 1110; x_wconf 85' lang='lat' dir='ltr'><strong>concepto,</strong></span> <span class='ocrx_word' id='word_1_67' title='bbox 936 1039 1000 1087; x_wconf 83' lang='lat' dir='ltr'><strong>tam</strong></span> <span class='ocrx_word' id='word_1_68' title='bbox 1018 1025 1139 1088; x_wconf 83' lang='lat' dir='ltr'><strong>insolita</strong></span> <span class='ocrx_word' id='word_1_69' title='bbox 1152 1027 1323 1088; x_wconf 85' lang='lat' dir='ltr'><strong>infirmitate</strong></span> <span class='ocrx_word' id='word_1_70' title='bbox 1344 1047 1402 1085; x_wconf 89' lang='lat' dir='ltr'><strong>con·</strong></span> 
     </span>
     <span class='ocr_line' id='line_1_11' title="bbox 340 1105 1401 1194; baseline -0.004 -22"><span class='ocrx_word' id='word_1_71' title='bbox 340 1131 462 1172; x_wconf 71' lang='lat' dir='ltr'><strong>ausum</strong></span> <span class='ocrx_word' id='word_1_72' title='bbox 477 1110 579 1174; x_wconf 81' lang='lat' dir='ltr'><strong>fiiisse.</strong></span> <span class='ocrx_word' id='word_1_73' title='bbox 621 1110 702 1173; x_wconf 84' lang='lat' dir='ltr'>Vide</span> <span class='ocrx_word' id='word_1_74' title='bbox 732 1121 763 1172; x_wconf 89' lang='lat' dir='ltr'><strong>et</strong></span> <span class='ocrx_word' id='word_1_75' title='bbox 788 1133 866 1194; x_wconf 88' lang='lat' dir='ltr'><strong>qnae</strong></span> <span class='ocrx_word' id='word_1_76' title='bbox 879 1132 915 1180; x_wconf 79' lang='lat' dir='ltr'><strong>ex</strong></span> <span class='ocrx_word' id='word_1_77' title='bbox 936 1110 1125 1194; x_wconf 79' lang='lat' dir='ltr'><strong>Theophane</strong></span> <span class='ocrx_word' id='word_1_78' title='bbox 1139 1109 1314 1172; x_wconf 66' lang='lat' dir='ltr'><strong>Confessum</strong></span> <span class='ocrx_word' id='word_1_79' title='bbox 1327 1105 1401 1191; x_wconf 85' lang='lat' dir='ltr'><strong>pado</strong></span> 
     </span>
     <span class='ocr_line' id='line_1_12' title="bbox 341 1193 801 1256; baseline -0.004 -2"><span class='ocrx_word' id='word_1_80' title='bbox 341 1205 411 1256; x_wconf 88' lang='lat' dir='ltr'><strong>ante</strong></span> <span class='ocrx_word' id='word_1_81' title='bbox 431 1197 463 1256; x_wconf 90' lang='lat' dir='ltr'><strong>in</strong></span> <span class='ocrx_word' id='word_1_82' title='bbox 484 1194 619 1256; x_wconf 87' lang='lat' dir='ltr'><strong>medium</strong></span> <span class='ocrx_word' id='word_1_83' title='bbox 632 1193 801 1256; x_wconf 78' lang='lat' dir='ltr'><strong>attulimus.</strong></span> 
     </span>
    </p>

    <p class='ocr_par' dir='ltr' id='par_1_4' title="bbox 336 1272 1400 2190">
     <span class='ocr_line' id='line_1_13' title="bbox 423 1272 1399 1358; baseline -0.005 -20"><span class='ocrx_word' id='word_1_84' title='bbox 423 1277 526 1358; x_wconf 81' lang='lat' dir='ltr'><strong>Atque</strong></span> <span class='ocrx_word' id='word_1_85' title='bbox 550 1277 626 1336; x_wconf 90' lang='lat' dir='ltr'><strong>haec</strong></span> <span class='ocrx_word' id='word_1_86' title='bbox 656 1276 874 1338; x_wconf 70' lang='lat' dir='ltr'><strong>schediasmate</strong></span> <span class='ocrx_word' id='word_1_87' title='bbox 903 1273 1044 1337; x_wconf 80' lang='lat' dir='ltr'><strong>emuttie</strong></span> <span class='ocrx_word' id='word_1_88' title='bbox 1064 1273 1160 1337; x_wconf 84' lang='lat' dir='ltr'><strong>eiecta</strong></span> <span class='ocrx_word' id='word_1_89' title='bbox 1181 1275 1273 1358; x_wconf 87' lang='lat' dir='ltr'><strong>aequi</strong></span> <span class='ocrx_word' id='word_1_90' title='bbox 1289 1272 1399 1354; x_wconf 85' lang='lat' dir='ltr'><strong>bonique</strong></span> 
     </span>
     <span class='ocr_line' id='line_1_14' title="bbox 340 1356 1400 1442; baseline -0.002 -24"><span class='ocrx_word' id='word_1_91' title='bbox 340 1357 478 1418; x_wconf 79' lang='lat' dir='ltr'><strong>considat</strong></span> <span class='ocrx_word' id='word_1_92' title='bbox 499 1359 646 1420; x_wconf 85' lang='lat' dir='ltr'><strong>candidus</strong></span> <span class='ocrx_word' id='word_1_93' title='bbox 671 1358 784 1436; x_wconf 86' lang='lat' dir='ltr'><strong>lector,</strong></span> <span class='ocrx_word' id='word_1_94' title='bbox 799 1379 898 1442; x_wconf 85' lang='lat' dir='ltr'><strong>qnae,</strong></span> <span class='ocrx_word' id='word_1_95' title='bbox 916 1369 1055 1419; x_wconf 87' lang='lat' dir='ltr'><strong>currente</strong></span> <span class='ocrx_word' id='word_1_96' title='bbox 1075 1358 1180 1440; x_wconf 84' lang='lat' dir='ltr'><strong>praelo</strong></span> <span class='ocrx_word' id='word_1_97' title='bbox 1198 1369 1232 1420; x_wconf 87' lang='lat' dir='ltr'><strong>et</strong></span> <span class='ocrx_word' id='word_1_98' title='bbox 1250 1356 1400 1439; x_wconf 80' lang='lat' dir='ltr'><strong>urgentibus</strong></span> 
     </span>
     <span class='ocr_line' id='line_1_15' title="bbox 337 1441 1398 1584; baseline -0.002 -84"><span class='ocrx_word' id='word_1_99' title='bbox 337 1443 438 1522; x_wconf 86' lang='lat' dir='ltr'><strong>operis</strong></span> <span class='ocrx_word' id='word_1_100' title='bbox 461 1441 696 1584; x_wconf 69' lang='lat' dir='ltr'><strong>tppographicis‚</strong></span> <span class='ocrx_word' id='word_1_101' title='bbox 731 1441 812 1504; x_wconf 87' lang='lat' dir='ltr'><strong>inter</strong></span> <span class='ocrx_word' id='word_1_102' title='bbox 837 1443 939 1504; x_wconf 79' lang='lat' dir='ltr'><strong>variae</strong></span> <span class='ocrx_word' id='word_1_103' title='bbox 962 1444 1173 1523; x_wconf 73' lang='lat' dir='ltr'><strong>occupationes</strong></span> <span class='ocrx_word' id='word_1_104' title='bbox 1205 1451 1238 1501; x_wconf 84' lang='lat' dir='ltr'><strong>et</strong></span> <span class='ocrx_word' id='word_1_105' title='bbox 1264 1449 1398 1524; x_wconf 79' lang='lat' dir='ltr'><strong>apparatus</strong></span> 
     </span>
     <span class='ocr_line' id='line_1_16' title="bbox 338 1521 1399 1607; baseline -0.003 -24"><span class='ocrx_word' id='word_1_106' title='bbox 338 1525 437 1583; x_wconf 85' lang='lat' dir='ltr'><strong>nostri</strong></span> <span class='ocrx_word' id='word_1_107' title='bbox 488 1521 700 1587; x_wconf 87' lang='lat' dir='ltr'><strong>elineationem</strong></span> <span class='ocrx_word' id='word_1_108' title='bbox 725 1527 855 1607; x_wconf 84' lang='lat' dir='ltr'><strong>primam</strong></span> <span class='ocrx_word' id='word_1_109' title='bbox 873 1547 908 1586; x_wconf 88' lang='lat' dir='ltr'><strong>ra</strong></span> <span class='ocrx_word' id='word_1_110' title='bbox 930 1527 986 1585; x_wconf 89' lang='lat' dir='ltr'><strong>tim</strong></span> <span class='ocrx_word' id='word_1_111' title='bbox 1013 1525 1291 1607; x_wconf 80' lang='lat' dir='ltr'><strong>depmperarimns.</strong></span> <span class='ocrx_word' id='word_1_112' title='bbox 1333 1521 1399 1598; x_wconf 85' lang='lat' dir='ltr'><strong>Quid</strong></span> 
     </span>
     <span class='ocr_line' id='line_1_17' title="bbox 336 1601 1399 1691; baseline -0.002 -27"><span class='ocrx_word' id='word_1_113' title='bbox 336 1601 421 1686; x_wconf 79' lang='lat' dir='ltr'><strong>quod</strong></span> <span class='ocrx_word' id='word_1_114' title='bbox 441 1616 563 1688; x_wconf 85' lang='lat' dir='ltr'><strong>paratas</strong></span> <span class='ocrx_word' id='word_1_115' title='bbox 591 1611 683 1670; x_wconf 75' lang='lat' dir='ltr'><strong>etiam</strong></span> <span class='ocrx_word' id='word_1_116' title='bbox 703 1609 737 1668; x_wconf 86' lang='lat' dir='ltr'><strong>in</strong></span> <span class='ocrx_word' id='word_1_117' title='bbox 756 1605 868 1670; x_wconf 87' lang='lat' dir='ltr'><strong>Suidae</strong></span> <span class='ocrx_word' id='word_1_118' title='bbox 918 1619 1039 1691; x_wconf 84' lang='lat' dir='ltr'><strong>xeerpta</strong></span> <span class='ocrx_word' id='word_1_119' title='bbox 1062 1609 1230 1691; x_wconf 79' lang='lat' dir='ltr'><strong>Byzantina</strong></span> <span class='ocrx_word' id='word_1_120' title='bbox 1255 1605 1399 1666; x_wconf 85' lang='lat' dir='ltr'><strong>annotatio-</strong></span> 
     </span>
     <span class='ocr_line' id='line_1_18' title="bbox 337 1687 1398 1775; baseline -0.001 -29"><span class='ocrx_word' id='word_1_121' title='bbox 337 1707 392 1747; x_wconf 79' lang='lat' dir='ltr'><strong>nes</strong></span> <span class='ocrx_word' id='word_1_122' title='bbox 412 1689 696 1775; x_wconf 72' lang='lat' dir='ltr'><strong>emendationesque</strong></span> <span class='ocrx_word' id='word_1_123' title='bbox 713 1702 833 1754; x_wconf 81' lang='lat' dir='ltr'><strong>nostras</strong></span> <span class='ocrx_word' id='word_1_124' title='bbox 848 1692 940 1752; x_wconf 90' lang='lat' dir='ltr'><strong>modo</strong></span> <span class='ocrx_word' id='word_1_125' title='bbox 961 1691 1159 1774; x_wconf 83' lang='lat' dir='ltr'><strong>praecidere,</strong></span> <span class='ocrx_word' id='word_1_126' title='bbox 1176 1703 1268 1773; x_wconf 85' lang='lat' dir='ltr'><strong>atque</strong></span> <span class='ocrx_word' id='word_1_127' title='bbox 1285 1691 1313 1749; x_wconf 90' lang='lat' dir='ltr'><strong>in</strong></span> <span class='ocrx_word' id='word_1_128' title='bbox 1333 1687 1398 1749; x_wconf 85' lang='lat' dir='ltr'><strong>aliud</strong></span> 
     </span>
     <span class='ocr_line' id='line_1_19' title="bbox 339 1771 1399 1858; baseline 0.001 -29"><span class='ocrx_word' id='word_1_129' title='bbox 339 1779 460 1852; x_wconf 81' lang='lat' dir='ltr'><strong>tempus</strong></span> <span class='ocrx_word' id='word_1_130' title='bbox 477 1771 598 1834; x_wconf 85' lang='lat' dir='ltr'><strong>differre</strong></span> <span class='ocrx_word' id='word_1_131' title='bbox 619 1775 775 1858; x_wconf 84' lang='lat' dir='ltr'><strong>cogimur,</strong></span> <span class='ocrx_word' id='word_1_132' title='bbox 796 1796 837 1836; x_wconf 90' lang='lat' dir='ltr'><strong>ne</strong></span> <span class='ocrx_word' id='word_1_133' title='bbox 860 1772 1028 1836; x_wconf 86' lang='lat' dir='ltr'><strong>multorum</strong></span> <span class='ocrx_word' id='word_1_134' title='bbox 1048 1777 1125 1837; x_wconf 82' lang='lat' dir='ltr'><strong>votis</strong></span> <span class='ocrx_word' id='word_1_135' title='bbox 1145 1795 1202 1834; x_wconf 77' lang='lat' dir='ltr'><strong>exo</strong></span> <span class='ocrx_word' id='word_1_136' title='bbox 1253 1783 1313 1833; x_wconf 87' lang='lat' dir='ltr'><strong>tam</strong></span> <span class='ocrx_word' id='word_1_137' title='bbox 1327 1771 1399 1852; x_wconf 86' lang='lat' dir='ltr'><strong>primi</strong></span> 
     </span>
     <span class='ocr_line' id='line_1_20' title="bbox 337 1849 1397 1940; baseline 0 -29"><span class='ocrx_word' id='word_1_138' title='bbox 337 1849 431 1914; x_wconf 89' lang='lat' dir='ltr'><strong>h&#39;uius</strong></span> <span class='ocrx_word' id='word_1_139' title='bbox 455 1854 805 1940; x_wconf 83' lang='lat' dir='ltr'><strong>Constantinopolitanae</strong></span> <span class='ocrx_word' id='word_1_140' title='bbox 825 1857 968 1920; x_wconf 73' lang='lat' dir='ltr'><strong>historiae</strong></span> <span class='ocrx_word' id='word_1_141' title='bbox 990 1856 1154 1918; x_wconf 81' lang='lat' dir='ltr'><strong>voluminis</strong></span> <span class='ocrx_word' id='word_1_142' title='bbox 1219 1858 1333 1917; x_wconf 79' lang='lat' dir='ltr'><strong>&#39;tionem</strong></span> <span class='ocrx_word' id='word_1_143' title='bbox 1346 1853 1397 1912; x_wconf 80' lang='lat' dir='ltr'><strong>diu·</strong></span> 
     </span>
     <span class='ocr_line' id='line_1_21' title="bbox 336 1936 1397 2023; baseline 0.001 -27"><span class='ocrx_word' id='word_1_144' title='bbox 336 1938 474 1998; x_wconf 83' lang='lat' dir='ltr'><strong>turniore</strong></span> <span class='ocrx_word' id='word_1_145' title='bbox 503 1960 590 2001; x_wconf 86' lang='lat' dir='ltr'><strong>mora</strong></span> <span class='ocrx_word' id='word_1_146' title='bbox 613 1941 768 2002; x_wconf 83' lang='lat' dir='ltr'><strong>retardare</strong></span> <span class='ocrx_word' id='word_1_147' title='bbox 794 1940 963 2002; x_wconf 85' lang='lat' dir='ltr'><strong>videamur.</strong></span> <span class='ocrx_word' id='word_1_148' title='bbox 1007 1941 1057 2001; x_wconf 90' lang='lat' dir='ltr'><strong>Tu</strong></span> <span class='ocrx_word' id='word_1_149' title='bbox 1076 1941 1214 2023; x_wconf 79' lang='lat' dir='ltr'><strong>quisquis</strong></span> <span class='ocrx_word' id='word_1_150' title='bbox 1233 1939 1305 2000; x_wconf 87' lang='lat' dir='ltr'><strong>haec</strong></span> <span class='ocrx_word' id='word_1_151' title='bbox 1324 1936 1397 2017; x_wconf 76' lang='lat' dir='ltr'><strong>legis,</strong></span> 
     </span>
     <span class='ocr_line' id='line_1_22' title="bbox 338 2019 1398 2108; baseline 0.004 -28"><span class='ocrx_word' id='word_1_152' title='bbox 338 2019 432 2098; x_wconf 84' lang='lat' dir='ltr'><strong>save,</strong></span> <span class='ocrx_word' id='word_1_153' title='bbox 455 2031 485 2082; x_wconf 87' lang='lat' dir='ltr'><strong>et</strong></span> <span class='ocrx_word' id='word_1_154' title='bbox 513 2042 568 2084; x_wconf 80' lang='lat' dir='ltr'><strong>suo</strong></span> <span class='ocrx_word' id='word_1_155' title='bbox 604 2021 750 2102; x_wconf 89' lang='lat' dir='ltr'><strong>demum,</strong></span> <span class='ocrx_word' id='word_1_156' title='bbox 777 2026 907 2088; x_wconf 80' lang='lat' dir='ltr'><strong>siDeus</strong></span> <span class='ocrx_word' id='word_1_157' title='bbox 928 2021 1066 2102; x_wconf 87' lang='lat' dir='ltr'><strong>dederit,</strong></span> <span class='ocrx_word' id='word_1_158' title='bbox 1086 2035 1226 2108; x_wconf 86' lang='lat' dir='ltr'><strong>tempore</strong></span> <span class='ocrx_word' id='word_1_159' title='bbox 1252 2021 1334 2106; x_wconf 81' lang='lat' dir='ltr'><strong>plura</strong></span> <span class='ocrx_word' id='word_1_160' title='bbox 1346 2040 1398 2080; x_wconf 75' lang='lat' dir='ltr'><strong>na·</strong></span> 
     </span>
     <span class='ocr_line' id='line_1_23' title="bbox 339 2103 786 2190; baseline 0.011 -27"><span class='ocrx_word' id='word_1_161' title='bbox 339 2103 464 2188; x_wconf 86' lang='lat' dir='ltr'><strong>ioraque</strong></span> <span class='ocrx_word' id='word_1_162' title='bbox 488 2123 508 2164; x_wconf 90' lang='lat' dir='ltr'><strong>a</strong></span> <span class='ocrx_word' id='word_1_163' title='bbox 529 2104 618 2169; x_wconf 84' lang='lat' dir='ltr'><strong>nobis</strong></span> <span class='ocrx_word' id='word_1_164' title='bbox 637 2115 786 2190; x_wconf 80' lang='lat' dir='ltr'><strong>exspecta.</strong></span> 
     </span>
    </p>
   </div>
   <div class='ocr_carea' id='block_1_3' title="bbox 0 0 1530 4892">
    <p class='ocr_par' dir='ltr' id='par_1_5' title="bbox 0 0 1530 4892">
     <span class='ocr_line' id='line_1_24' title="bbox 0 0 1530 4892; baseline 0 0"><span class='ocrx_word' id='word_1_165' title='bbox 0 0 1530 4892; x_wconf 95' lang='lat' dir='ltr'><strong> </strong></span> 
     </span>
    </p>
   </div>
  </div>
 </body>
</html>
