3050 4892
331 302 484 365 XXXVIII
631 297 853 363 DEDICA'I'IO
883 295 1136 361 IIOFSCIIELII.

332 473 438 514 eorum
465 451 678 512 historicorum
698 451 866 534 fragmenta
890 448 1079 532 suppeditat,
1100 467 1231 530 quornm
1255 446 1332 509 nihil
1352 449 1416 509 fere

331 551 477 612 hactenus
498 561 616 633 praeter
631 571 746 611 nomen
762 551 884 610 exstitit.
931 549 985 609 His
1013 546 1207 609 corollarium
1222 547 1414 627 addidimus,

333 648 449 730 eclogas
480 647 629 709 librorum
661 647 789 709 Diodori
824 645 916 708 Siculi
945 647 1141 724 amissorum,
1169 667 1243 728 quas
1271 668 1288 707 e
1311 646 1417 707 codice

332 749 480 808 Ludovici
505 748 668 809 Alemanni
696 747 867 808 Florentini
895 746 1016 807 doctiss.
1046 747 1085 805 R.
1108 745 1264 808 Thomson
1296 744 1416 828 Anglus

333 868 459 908 mecum·
470 851 565 908 amice
577 849 822 908 communicavit.
866 846 949 906 Haec
967 857 1106 906 veterum
1121 857 1335 922 monumenta,
1356 845 1416 906 Vir

332 946 530 1030 amplissime,
554 947 629 1020 thI‚
644 955 744 1006 tantae
760 945 913 1027 dignitatis
932 955 1093 1029 tantaeque
1111 945 1299 1021 eruditionis,
1312 944 1418 1006 dicare

333 1067 396 1106 non
416 1045 537 1106 fuissem
559 1065 670 1122 ausus,
691 1045 750 1104 nisi
770 1043 907 1105 nobiliss.
930 1045 1053 1105 Marcus
1074 1043 1237 1121 velserus,
1262 1043 1417 1104 Duumvir

332 1155 454 1222 noster,
477 1145 590 1204 amicus
605 1154 696 1220 tuus,
720 1164 770 1204 me
784 1144 1009 1222 confirmasset3
1030 1144 1117 1204 cuius
1133 1142 1306 1204 liberalitati
1321 1141 1415 1204 editio

331 1241 406 1304 haec
428 1243 566 1304 debetur.
609 1241 656 1302 Ac
680 1259 751 1303 sane
776 1242 940 1302 iucrmdam
962 1243 1026 1303 fore
1047 1242 1158 1303 horum
1177 1243 1233 1302 tibi
1253 1241 1414 1303 lectionem

331 1339 540 1420 alchidamus,
568 1341 726 1424 cognitnro
747 1363 828 1402 cum*
849 1339 908 1402 alia
938 1340 1101 1403 observatu
1125 1362 1272 1424 perquam
1302 1339 1414 1422 digna,

330 1447 398 1500 tum
427 1438 562 1522 exempla
592 1443 681 1522 (quae
702 1443 804 1523 potior
830 1443 930 1523 operis
954 1444 1034 1524 pers)
1060 1444 1125 1502 eius
1154 1441 1305 1517 muneris,
1330 1438 1416 1522 quod

332 1537 476 1622 singulari
496 1538 574 1614 fide,
605 1559 679 1600 cura
698 1550 728 1599 et
752 1539 933 1622 prudentia,
953 1539 993 1601 de
1020 1541 1204 1622 gravissimis
1223 1540 1330 1615 rebus,
1351 1561 1416 1624 qua

330 1658 387 1720 per
417 1637 609 1700 Germaniam
631 1621 662 1700 et
684 1639 884 1716 Sannnfinm,
919 1659 980 1722 qua
1002 1660 1058 1722 per
1080 1639 1254 1716 Italiam‚a
1281 1641 1414 1702 maximo

331 1737 460 1798 Caesare
488 1737 528 1798 ad
551 1759 685 1799 summos
705 1739 861 1824 Principes
880 1741 1003 1815 missus,
1036 1739 1161 1820 obiisti;
1183 1738 1414 1820 iucundiorem,
1507 1805 1515 1816 ⁸

329 1837 401 1920 quia
422 1835 526 1919 lingua
540 1837 655 1898 Graece
673 1837 788 1900 isthaec
812 1836 978 1920 prodeunt:
999 1840 1086 1899 cuius
1110 1841 1137 1900 is
1156 1850 1201 1900 est
1220 1859 1305 1899 amor
1322 1849 1411 1920 tuus,

330 1957 366 1998 ea
386 1939 516 2019 peritia,
540 1947 577 1998 ut
606 1936 688 1998 locos
712 1939 788 1998 scias
810 1948 970 1998 auctorum
989 1941 1146 2000 restimere
1168 1937 1260 2012 illos,
1282 1937 1322 1998 ad
1336 1960 1414 2021 quos

329 2033 370 2095 ab
393 2035 460 2098 aliis
480 2032 700 2096 conclamatum
717 2046 772 2096 est.
815 2034 901 2095 Nihil
920 2037 1019 2098 dicam
1040 2036 1078 2098 de
1096 2037 1262 2114 beneficio,
1284 2057 1347 2119 quo
1363 2057 1415 2097 me

328 2134 361 2194 iu
376 2131 465 2216 Reip.
483 2131 633 2194 literariae
650 2129 844 2194 commodum
862 2137 976 2197 ornasti
994 2138 1134 2197 maximo.
1177 2137 1239 2209 Pro
1256 2155 1318 2217 quo
1332 2137 1412 2218 grati

321 2241 361 2298 ,et
382 2233 523 2290 memoris
539 2231 631 2290 animi
649 2231 855 2292 testimonium
878 2232 938 2296 hoc
958 2256 1022 2296 esse
1043 2234 1167 2318 aliquod
1181 2235 1323 2317 patiaris,
1345 2256 1411 2294 me-

328 2347 391 2408 que
404 2347 497 2408 porro
515 2327 757 2392 commendatum
785 2327 898 2392 habere
917 2331 1066 2416 digneris,
1088 2335 1179 2394 etiam
1203 2333 1295 2416 'atque
1316 2335 1411 2394 etiem

319 2445 394 2490 om.
437 2425 517 2486 Bene
536 2425 624 2506 vale,
638 2427 822 2509 praesidium
841 2451 878 2491 ac
895 2430 987 2493 decus
1002 2427 1169 2494 Musarum.

324 2578 327 2596 ,
411 2523 565 2608 Augustae
572 2524 722 2590 Vindelic.
734 2529 879 2613 postridie
893 2530 975 2592 Non.
985 2530 1112 2615 Aprilis,
1121 2531 1161 2594 A.
1171 2532 1203 2594 S.
1213 2530 1406 2595 NMDCIII.
