3050 4892
459 285 667 352 numeru
697 285 901 354 nassonia.
1143 256 1221 344 251

139 439 332 521 Ἐπίδαμνον
350 438 516 524 λαμβάνει.
557 437 764 522 Ἀδαμυὶντιος
785 443 820 506 δέ
838 443 939 521 τοῦτο
953 410 1136 522 πυθόμενος
1154 465 1231 528 προ-
1239 442 1370 518 Μέγα

143 541 263 620 πέμπει
281 541 345 604 τῶν
371 537 492 604 ἱππέων
510 541 575 604 τοῖν
593 543 765 623 βασιλείων
783 537 853 604 τινὰ
863 589 875 620 ,
900 537 955 622 οῦς
984 515 1328 638 μαγιστριανοῦςὲἓξοέ
1344 589 1363 642 6

143 639 298 719 καλοῦσι,
320 633 522 723 μεμφόμενός
541 661 575 703 τε
597 632 683 726 adrui
702 635 790 723 παρὰ
813 632 872 727 τὴν
891 637 1061 720 ὑπόσχεσιν
1080 643 1136 723 τῆς
1154 625 1312 723 ape-1³32
1329 624 1336 636 Ι

142 740 254 820 σβειας
273 739 421 819 ποιοῦντι,
443 736 500 803 κατ’
517 733 652 805 κελεῦον
672 737 804 820 ἠρεμεῖν
824 741 880 803 καί
897 739 976 822 μήτε
998 743 1091 802 πλοῖα
1112 743 1233 820 λαβεῖν,

122 829 219 919 5μὴτ’
240 827 451 902 ditescatis
470 835 638 921 παρόντων
651 838 751 903 πλέον
771 839 975 920 νεωτερίσαι,
997 838 1056 912 ἕως
1078 829 1116 900 ἂν
1137 835 1235 912 αῦτὸς
1269 886 1276 900 .

141 933 239 1024 ἔλθῃ·
268 930 454 1000 ἀποστεῖλαι
480 937 518 1001 δὲ
548 933 605 1003 καί
630 925 743 1018 ἄνδρα,
764 931 850 1012 ὅστις
869 932 909 1000 τιὶ
939 933 1037 1000 πιστὰ
1064 936 1161 1000 δώσει
1180 939 1234 1020 τῆς

140 1033 222 1116 μετὰ
241 1030 298 1118 τὴν
317 1038 487 1119 πρεσβείαν
507 1027 604 1111 αὖθις
622 1033 857 1120 ἀναχωρήσεως
869 1036 926 1098 κατ’
944 1038 998 1118 τῆς
1020 1029 1092 1119 ὅλης
1113 1035 1234 1110 ἀδείας.

139 1129 248 1199 ταῦτα’
269 1157 303 1197 τε
324 1132 405 1218 πρὸς
424 1136 543 1201 ἐκεῖνον
563 1137 745 1212 ἐπέστελλε,
766 1136 823 1198 ναί
841 1127 937 1208 ariade
956 1125 1040 1219 ἄρας
1060 1130 1123 1198 οἶπὸ
1149 1135 1232 1203 Θεσ-

139 1232 306 1317 σαλονίκης
327 1224 455 1316 ἔρχεται
474 1236 520 1309 εἰς
527 1225 703 1316 Ἔδεσσαν,
726 1226 806 1299 ὅπου
827 1224 868 1315 ἦν
886 1231 1093 1316 Σαβινιανδς,
1113 1230 1174 1299 οῦν
1195 1235 1232 1300 δὲ

104 1325 229 1417 τοαῦτῷ
255 1329 310 1395 καί
330 1329 507 1410 Φιλόξενος.
547 1334 603 1396 καί
620 1327 676 1407 τίς
705 1355 740 1396 τε
761 1332 887 1406 δέλτους
918 1326 1004 1420 adsui
1032 1335 1229 1418 παρέχουσι,
1256 1365 1258 1372 ·

139 1430 196 1497 κατ’
208 1425 380 1514 στρατηγὸν
394 1429 620 1516 ἀποφαίνουσι,
629 1429 684 1495 καί
695 1429 771 1516 περί
782 1433 845 1496 τῶν
859 1427 1023 1517 παράνοιαν
1038 1424 1077 1495 εδ
1099 1433 1250 1513 διεβου-Β

138 1523 278 1596 trema
296 1530 353 1594 καί
375 1527 411 1594 td
442 1530 502 1611 μὲν
522 1531 694 1616 έπιχειρεῐν
720 1538 788 1608 τοῖς
808 1521 985 1614 βαρβάροις
1006 1531 1230 1614 πορευομένοις

139 1629 199 1692 οῦκ
220 1627 365 1712 α’σφαλὲς
384 1623 508 1710 ἐδόκει,
542 1628 652 1710 ὀλίγων
679 1629 739 1709 μὲν
763 1628 921 1694 συνόντων
935 1625 1029 1717 Ιαῦτρῖ
1049 1630 1230 1716 Σαβινιανρῑ

138 1724 353 1813 μισθοφόρων
376 1729 508 1808 υἰκειλον,
528 1732 583 1812 τῆς
602 1729 640 1791 δὲ
661 1728 983 1812 διγμοοιαςνοτρατιᾶς
1003 1730 1142 1792 καὶτῶν
1163 1749 1230 1792 νοι-

100 1827 205 1894 15νοῦν
224 1826 393 1910 ταγμάτων
412 1827 477 1890 τῶν
501 1829 560 1906 μὲν
581 1828 818 1910 διεσπαρμένων
837 1822 918 1890 κατὰ
938 1821 1068 1906 πόλεις,
1098 1827 1160 1889 τῶν
1193 1827 1230 1890 δὲ

136 1923 221 2008 μετὰ
241 1928 300 1988 τοῦ
315 1927 488 2012 στρατηγοῦ
499 1919 675 2010 Ὀνοῦλφου
690 1919 959 1988 ἀκολουθούντων.
978 1920 1082 1992 ἐδόκει
1099 1925 1135 1988 δὲ
1150 1925 1230 2004 πέμ-ι

135 2048 210 2089 πειν
228 2025 417 2105 ἁπανταχοῦ
436 2018 664 2110 προστάγματα
683 2022 901 2105 ουγκαλοῦντα
920 2019 993 2096 τοῦς
1014 2017 1230 2106 στρατιώτας,

135 2126 194 2188 ναί
211 2120 266 2187 τὸν
285 2119 458 2206 στρατηγὸν
477 2123 634 2206 δηλοῦντα
654 2125 851 2207 προπέμπειν
868 2119 925 2186 τὸν
942 2120 1148 2207 πρεσβευτήν.
1167 2111 1229 2204 ἤδη

135 2222 173 2286 δέ
192 2219 387 2307 ὁρμωμένοις
405 2219 423 2286 ὁ
440 2216 529 2306 παρὰ
549 2225 607 2285 τοῦ
626 2221 835 2302 Ἀδαμαντιον
856 2223 1148 2304 προαπεσταλμένος
1168 2215 1221 2284 irr-
1302 2249 1306 2284 ι

96 2318 215 2396 ποπεῦς
236 2318 359 2406 α’παντρῖ
371 2317 458 2401 ,τὸν
477 2321 540 2386 τοῦν
558 2317 732 2407 βαρβάρων
750 2315 835 2404 ἔχων
854 2317 958 2406 ἱερέα,
980 2315 1016 2386 δν
1036 2315 1066 2384 οἱ
1087 2323 1254 2404 Χριστι-0

135 2416 209 2482 avos*
226 2423 359 2484 καλοῦσι
378 2416 611 2505 πρεσβύτερον,
648 2419 693 2495 ὥς
712 2422 820 2484 πίστιν
839 2423 896 2503 τῆς
916 2414 1027 2495 ἀδείας
1048 2417 1136 2506 αὐτῷ
1156 2419 1228 2482 ἐπι·

132 2516 291 2602 alaone.
309 2515 434 2601 ἔχοντες
454 2510 513 2584 οῦν
533 2519 629 2588 αυτὸν
649 2517 712 2586 οῦν
731 2509 840 2596 αῦτοῖς
860 2520 1042 2605 ἠπείγοντο,
1072 2516 1128 2584 καί
1147 2510 1226 2604 ἄφι-

204 2655 224 2708 8
248 2651 297 2704 ἐπὶ
313 2654 383 2723 vulg.
464 2657 503 2710 16.
518 2651 679 2726 Ὁνοιέλφου
695 2653 772 2716 va,
790 2651 806 2705 έ
824 2651 982 2724 Εδοδλφου
999 2653 1071 2722 vulg.
1129 2666 1171 2706 aa.
1192 2649 1226 2701 δ-

206 2727 300 2790 aaran
315 2723 360 2785 ll„
379 2723 491 2779 ἅπαντα
507 2725 580 2796 vulg.
690 2741 733 2779 aa.
752 2723 866 2794 ἔχοντες
883 2726 921 2788 a,
947 2723 1068 2794 ἄγοντες
1085 2723 1142 2775 Val.
1151 2760 1161 2786 ,
1179 2723 1226 2774 li-

207 2807 305 2861 γοντες
323 2795 394 2866 vulg.

132 2901 291 2958 progressus
316 2889 421 2956 impetu
447 2888 520 2940 lacto
542 2859 724 2957 Epidamnum
750 2893 875 2958 occupat.
911 2885 995 2958 Quod
1022 2887 1073 2938 nbi
1098 2888 1226 2957 cognovit

131 2957 323 3018 Adamantius,
336 2959 425 3010 mittit
440 2975 526 3010 unum
536 2974 570 3010 ex
581 2957 725 3028 equitibus
741 2958 924 3026 Imperatoris,
941 2960 989 3030 qui
1008 2974 1069 3008 cum
1084 2974 1116 3012 co
1138 2971 1226 3026 expo-

131 3029 267 3092 stularet,
288 3027 363 3098 quod
384 3034 479 3080 contra
498 3028 543 3092 id,
580 3029 635 3079 uod
656 3029 738 3080 missa
756 3029 895 3098 legatione
913 3029 1094 3098 promiserat,
1112 3029 1225 3090 laceret,

131 3106 162 3151 et
180 3099 291 3151 iuberet
308 3098 345 3150 ab
363 3098 473 3166 incepto
500 3048 632 3152 desidere
650 3116 741 3170 neque
759 3115 840 3151 naves
860 3116 982 3159 sumere,
1011 3107 1059 3151 ant
1076 3099 1225 3169 quicquam

130 3167 210 3220 aliud
228 3185 356 3221 novarum
378 3185 466 3220 rerum
484 3176 609 3232 tentare,
639 3169 727 3222 donec
746 3169 923 3222 adventaret:
941 3167 1062 3238 denique
1080 3170 1170 3224 virum
1188 3165 1224 3220 ad

130 3256 161 3291 se
179 3245 305 3302 mittere,
334 3239 384 3310 qui
409 3240 466 3291 sibi
490 3241 547 3292 tuti
563 3248 626 3307 post
644 3247 782 3309 peractam
800 3241 966 3308 legationem
987 3239 1091 3291 reditus
1111 3247 1139 3291 el
1156 3239 1223 3290 reli-

128 3325 203 3378 quae
228 3309 383 3360 securitatis
407 3309 489 3362 fidem
515 3319 675 3377 praestaret
711 3309 786 3362 llaec
812 3327 873 3362 cum
902 3309 938 3362 ad
963 3327 1026 3361 eum
1044 3309 1223 3361 Adamantius

125 3381 257 3434 mandata
280 3377 409 3442 dedisset,
428 3379 498 3450 ipse,
517 3379 710 3434 Thessalonica
732 3384 844 3442 relicta,
861 3379 990 3434 Edessam
1015 3381 1090 3432 veuit
1118 3389 1146 3432 et
1169 3397 1224 3434 una

127 3466 191 3502 cnm
210 3467 244 3502 eo
263 3449 435 3502 Philoxenus.
470 3451 537 3502 Erat
547 3451 665 3506 Edessae
682 3452 869 3514 Sabinianus,
886 3455 931 3502 cui
949 3451 1054 3502 litteras
1074 3451 1224 3518 imperato-

126 3519 165 3573 ris
190 3519 372 3573 reddiderunt
418 3537 535 3590 nemque
561 3521 658 3574 ducem
687 3531 813 3575 crearunt
835 3529 981 3590 ceteraque
1007 3523 1100 3572 omnia
1123 3521 1221 3574 ordine

127 3593 367 3644 administrarant.
397 3540 456 3642 <ded
471 3591 600 3645 barbaros
619 3592 777 3645 recedentes
795 3591 923 3662 persequi
942 3591 1055 3643 minime
1073 3598 1163 3644 tntum
1181 3593 1223 3642 vi·

126 3678 190 3713 sum
211 3669 260 3712 est
297 3660 447 3713 Sabiniano
472 3663 545 3714 enirn
565 3665 646 3732 pauci
664 3664 766 3715 milites
792 3661 955 3714 mercenarii
982 3677 1014 3713 ex
1043 3663 1101 3714 eius
1125 3662 1221 3714 dome-

125 3733 206 3785 sticis
226 3739 255 3782 et
272 3731 455 3784 familiaribus
475 3731 598 3785 aderaut
633 3733 702 3784 Nasu
747 3731 778 3783 ui
802 3729 912 3800 publice
939 3731 1082 3785 merebant
1100 3739 1128 3784 et
1146 3733 1222 3784 ordi-

126 3804 215 3853 nariis
235 3801 390 3922 legionpus
417 3802 548 3871 adscripti
568 3802 707 3872 stipendia
727 3750 882 3865 danieluna,
910 3819 970 3854 cunr
996 3819 1045 3872 per
1069 3801 1149 3856 urbes
1175 3802 1223 3854 di-

126 3871 231 3942 spersi,
250 3880 309 3923 tum
353 3871 467 3935 nullum,
492 3873 591 3926 ducem
615 3892 702 3939 sunm,
725 3873 828 3933 secuti,
847 3871 980 3925 abierant
1017 3873 1113 3945 ltaque
1132 3875 1221 3924 visum

127 3952 171 3995 ert
188 3943 294 4005 edicta,
312 3942 411 4012 quibus
431 3943 534 3997 milites
554 3943 678 4015 undique
702 3951 896 4006 evocarentur,
920 3959 1089 4013 proponere,
1119 3951 1147 3996 et
1167 3943 1221 3996 du-

127 4028 187 4065 cem
211 4015 349 4081 legatum,
376 4015 424 4082 qui
448 4029 480 4066 ea
504 4016 704 4084 promulgaret,
728 4015 914 4085 praemittere.
950 4015 989 4068 Eo
1014 4016 1074 4084 ipso
1098 4024 1221 4081 ternpore

129 4099 216 4152 eques
234 4083 270 4134 ab
293 4080 457 4137 Adnuntia
475 4087 574 4138 missus
592 4103 731 4148 reversus,
749 4102 804 4136 una
822 4099 913 4136 sectum
932 4083 1070 4137 adducens
1089 4084 1223 4136 barbaro-

128 4169 191 4212 tum
209 4154 395 4216 sacerdotem,
414 4169 496 4228 quem
508 4154 662 4212 Christiani
678 4154 869 4227 presbyteram
884 4162 996 4220 vocant,
1015 4155 1063 4228 qui
1080 4151 1223 4210 tutanda-

1342 3579 1377 3628 δ.»
