3050 4892
288 345 330 406 m
356 338 565 407 moenam
593 341 647 412 ua
673 342 979 411 caesareanas.
1084 315 1195 421 545'

91 491 152 555 latr
171 491 300 557 alterum
315 514 388 555 vero
414 487 470 554 riv
492 486 689 573 Βαλαμήρου
712 492 789 557 solet
810 498 977 558 nominare.
1017 494 1100 559 Haec
1118 518 1169 563 au·

89 586 151 635 tem
166 588 247 657 gesta
265 576 406 638 videatur
427 575 571 637 severino
595 586 624 636 et
646 575 810 637 Trocundo
831 578 928 655 Coss,
949 600 1029 640 anno
1051 580 1168 645 Natalis

89 656 242 719 Dominici
263 658 357 736 tilla,
398 680 459 741 quo
488 679 566 719 anno
595 657 675 720 idem
702 660 931 738 Theodericus,
955 660 1065 721 Triarii
1077 663 1168 741 iilius,

91 742 218 802 interiit.
259 744 452 823 Quamquam
477 738 670 801 Marcellinus
698 746 730 801 in
753 743 902 803 Chronico
931 756 1060 805 mortem
1087 744 1170 807 illius

90 822 208 883 confort
225 826 257 883 in
276 846 390 885 annum
407 824 644 907 praecedentem.

171 906 269 967 Porro
295 907 460 989 fragmenta
485 928 520 967 ex
550 906 676 967 historia
700 904 813 967 Malchi
837 919 956 989 praeter
981 909 1068 986 haec,
1092 929 1171 993 quae

93 992 231 1068 superius
256 990 387 1051 indicavi
404 1033 413 1066 ‚
429 998 544 1051 exstant
561 990 640 1091 apud
661 990 786 1049 Suidam
812 992 845 1049 in
870 1012 902 1051 v.
935 988 1110 1069 α’μοιβαάι,
1139 1002 1171 1052 et

90 1072 122 1131 in
145 1062 359 1152 ν.Ἐρύθριος,
383 1084 413 1133 ct
430 1075 461 1133 iu
485 1095 516 1132 v.
540 1074 676 1151 Ζηνων,
698 1082 727 1131 et
750 1074 782 1131 in
800 1071 1032 1156 Παμπρέπιος,
1049 1077 1120 1137 etia
1139 1096 1172 1137 v.

88 1148 248 1231 σύνταξις,
273 1165 303 1216 et
325 1157 359 1217 in
372 1176 405 1217 v.
423 1149 600 1233 ὑπολαβών.

276 1392 353 1467 ax
387 1338 653 1467 ursroam
681 1388 1012 1469 reumont·
1128 1440 1132 1453 .

172 1556 254 1641 rag.
274 1558 340 1619 132.
354 1555 394 1617 A.
416 1552 503 1642 [344.
524 1555 565 1639 ¹·]
589 1548 638 1617 a.
652 1552 772 1638 aaa.
814 1558 893 1621 runc
914 1546 1045 1642 incipere
1064 1542 1178 1627 ausit

85 1636 242 1723 Excerpta
272 1636 456 1721 legationum
488 1640 684 1700 eMenandri
706 1642 888 1701 Protectoris
918 1642 1056 1705 historia.
1095 1646 1177 1709 Nam

85 1746 157 1785 cum
185 1724 353 1786 Menander
373 1722 528 1783 historiam
546 1722 694 1805 Agathiae
715 1724 952 1801 continuaverit,
996 1736 1031 1786 ut
1050 1729 1177 1807 ipsemet

85 1817 219 1869 testatur
241 1808 273 1867 in
300 1809 452 1889 prooemio
480 1805 622 1867 historiae
645 1827 716 1867 suae
743 1807 823 1887 apud
848 1794 992 1885 Suidam,
1007 1804 1046 1867 'in
1076 1814 1177 1889 primo

87 1894 195 1971 operis
216 1886 294 1951 libro
323 1910 370 1951 res
402 1898 496 1971 gestas
516 1890 674 1949 iustiniani
714 1909 809 1969 usque
846 1889 885 1949 ad
906 1892 970 1950 eius
990 1888 1108 1953 obitum
1125 1914 1176 1953 re-

85 1972 198 2035 tulerit
228 1993 346 2034 necesse
376 1982 441 2050 est,
477 1992 596 2033 exorsus
617 1970 656 2031 ab
684 1992 763 2031 anno
787 1970 837 2033 53.
858 1972 991 2043 eiusdem
1007 1973 1178 2036 Iustiniani.

83 2054 214 2117 Etenim
239 2054 383 2137 Agathias
403 2056 435 2113 in
462 2052 512 2114 52.
529 2053 608 2115 illius
630 2076 708 2113 anno
730 2054 877 2130 desierat,
899 2054 930 2113 in
949 2056 1076 2119 victoria
1096 2055 1177 2138 scili,-

86 2150 137 2199 cet
157 2136 295 2199 Belisarii
318 2136 356 2197 de
376 2134 549 2217 Zabergane
578 2148 608 2197 et
638 2136 815 2219 Cutrigoris.
859 2138 959 2215 Quam
990 2132 1113 2221 quidcin
1131 2132 1178 2219 'eo

86 2242 173 2281 anno
195 2222 353 2301 contigisse
373 2230 523 2281 testantur
544 2218 743 2301 Theophanes
764 2242 798 2280 ac
815 2219 988 2298 Cedrenus,
1010 2233 1040 2282 et
1061 2221 1219 2307 Auctor,l
1258 2259 1274 2307 s

85 2302 236 2363 historiae
262 2300 423 2363 Miscellae.
473 2302 553 2363 Male
580 2324 650 2384 ergo
671 2302 778 2363 Victor
806 2302 998 2366 Tununensis
1027 2299 1058 2363 id
1086 2306 1198 2367 reser‘t'

85 2408 171 2447 anno
198 2382 249 2447 55.
276 2378 467 2469 Imperatoris
487 2386 656 2465 Iustiniani,
679 2397 746 2467 post
766 2383 960 2446 consulatum·
974 2384 1075 2449 Basilii
1087 2378 1177 2448 ¹anno

85 2490 152 2547 no.;
175 2472 282 2549 quiet
303 2470 333 2528 in
355 2489 390 2527 eo
412 2462 538 2547 fallitur,
558 2468 640 2551 quod
663 2490 713 2531 cos
727 2470 855 2529 Hunnos
873 2464 1015 2611 Bulplaros
1036 2470 1178 2553 appellat.

86 2552 230 2613 sclavini
251 2552 283 2611 in
303 2552 428 2611 historia
447 2550 582 2612 Miscella
603 2552 746 2612 dicuntur
766 2553 873 2613 maiori
893 2550 931 2612 ad
954 2575 992 2612 uc
1013 2575 1125 2615 errore.

170 2634 253 2715 Pag.
266 2636 332 2695 153.
354 2634 394 2693 A.
416 2632 504 2717 [342
527 2634 588 2717 ¹7·]
611 2624 834 2713 ὅτιἎμμιγος.
855 2630 933 2695 ¹Hic
953 2636 1101 2717 Amingus
1121 2635 1169 2699 di·

83 2717 168 2779 citur
180 2738 200 2777 a
215 2716 314 2777 Paulo
333 2714 386 2775 lib.
401 2738 431 2775 a.
450 2716 593 2777 historiae
607 2717 876 2797 Langobardorum
889 2739 898 2776 t
941 2718 1086 2801 Amr'ngus
1096 2710 1170 2780 vero

82 2802 160 2861 darm
185 2796 242 2857 W
239 2798 332 2873 riir'rro,
348 2798 509 2859 Gothorum
531 2800 648 2877 Comici,
669 2812 771 2859 corrtra
789 2794 940 2857 Narseter'rr
954 2801 1095 2861 rebellare
1106 2822 1167 2883 pa·

82 2885 172 2944 rarrtr'
192 2882 312 2941 auxilio
339 2902 397 2939 esse
426 2900 484 2941 non
513 2878 642 2956 dictitat,
665 2881 758 2940 victrcs
779 2880 912 2939 Narseus
928 2882 1031 2961 gladio
1048 2886 1175 2965 perirrrr'·

81 2979 155 3044 tur,
184 2960 240 3023 W
236 2963 334 3021 irliruar
354 2976 455 3045 captus
474 2960 653 3041 Byzantium
680 2962 814 3021 mittitur.
854 2962 903 3021 Sic
921 2964 1011 3022 etiam
1035 2962 1175 3046 nomina-

81 3060 136 3110 tur
159 3045 201 3108 ab
224 3044 370 3105 Aimonio
390 3047 422 3105 in
443 3043 496 3105 lib.
519 3066 549 3105 2.
571 3044 641 3107 hist.
662 3044 773 3109 Frauc.
786 3055 817 3106 et
836 3042 876 3103 ab
896 3044 1072 3107 Hermanno
1093 3043 1175 3107 Con'·

83 3142 186 3193 tracto
208 3130 241 3189 in
264 3126 433 3205 Chronico,
462 3127 544 3211 quod
569 3128 683 3189 editum
714 3138 758 3187 est
778 3150 796 3189 a
817 3126 947 3188 Canisio.
988 3131 1027 3192 lu
1048 3130 1176 3211 Appcn5

82 3212 152 3275 dice
177 3232 256 3274 vero
283 3208 452 3271 Marcellini
483 3206 624 3285 Comitis,
661 3234 695 3273 ex
714 3234 774 3293 qua
798 3208 990 3273 Hermannus
1019 3207 1094 3278 haee
1122 3212 1176 3293 ἀεῖ

82 3298 217 3381 sumpsit
229 3338 239 3373 ,
251 3296 420 3374 ormr'rugus
439 3314 595 3374 perperam
618 3306 767 3369 exaratur,
800 3314 969 3376 annusque,
991 3317 1053 3376 quo
1073 3290 1176 3355 aNar-

80 3393 146 3443 sete
167 3380 310 3441 devictus
330 3388 393 3453 est,
415 3374 493 3436 male
513 3376 703 3461 designatam,
725 3399 796 3437 curn
814 3376 890 3465 hacc
905 3372 1004 3439 clades
1022 3399 1102 3463 anno
1124 3376 1176 3441 53.

80 3460 261 3535 Iustiniani,
286 3470 322 3520 ut
342 3460 511 3531 minimum,
535 3462 703 3543 contigerit.
1120 3511 1123 3521 .

168 3546 254 3626 Pag.
282 3544 349 3605 133.
363 3544 397 3601 B.
419 3540 508 3624 [346,
526 3542 567 3625 5.]
590 3536 632 3617 oia
653 3539 708 3603 οὐκ
728 3537 869 3603 s’rcloe'oor.
910 3540 991 3603 Male
1010 3537 1085 3608 haec
1105 3537 1175 3607 veri·
1251 3584 1257 3608 ι

79 3630 122 3693 ba
143 3629 242 3689 vertit
271 3626 430 3707 Interprcs.
481 3625 560 3685 Vide
582 3622 772 3687 Collectnnea
801 3638 937 3687 veterum
955 3620 1170 3698 historicorum

77 3714 118 3775 de
139 3711 298 3786 Francis,
327 3730 403 3791 quae
425 3706 463 3769 ab
486 3706 608 3769 Andrea
630 3710 671 3769 du
706 3708 823 3769 Chesne
851 3708 923 3767 olim
943 3718 1013 3767 sunt
1033 3708 1116 3792 edita
1131 3705 1169 3773 in'

77 3808 166 3857 torno
190 3816 219 3854 1.
242 3811 345 3852 rerum
368 3793 603 3871 Fraucicarum,
630 3792 682 3851 uhi
703 3790 785 3851 huuc
816 3790 917 3851 locum
937 3802 967 3851 ct
987 3792 1060 3854 alios
1080 3816 1172 3877 quos·

77 3880 152 3941 darn
174 3877 369 3957 interpretati
389 3895 502 3936 sumus.
1179 3904 1185 3913 ·

165 3962 251 4040 Pag.
277 3956 391 4017 133.st
413 3956 501 4041 [546,
536 3952 599 4039 rr]
628 3954 749 4019 στέλλει
776 3954 919 4037 Πέτρον,
952 3946 986 4029 ὃς
1005 3953 1066 4019 τῶν
1089 3950 1170 4027 κατὰ

77 4040 136 4127 rq'r
158 4036 268 4121 αὐλήν
291 4034 457 4117 ταγμάτων
477 4033 591 4119 ἡγεῖτο.
634 4040 744 4098 Verte:
777 4024 899 4099 Petrrrrir
913 4037 1089 4121 Magis-turm
1106 4033 1173 4118 offi-

78 4132 210 4189 ciorrrrrr.
249 4120 302 4182 Sic
323 4124 403 4181 euim
418 4124 523 4183 Graeci
546 4144 612 4183 eam
633 4122 810 4203 dignitatem
834 4122 990 4204 designare
1010 4122 1120 4196 soleat,
1141 4121 1212 4197 utl’.
1232 4126 1284 4199 214

79 4210 188 4273 notavi
206 4207 248 4267 ad
258 4204 374 4266 librum
385 4204 435 4265 26.
444 4205 597 4267 Ammiani
607 4203 787 4285 Marcellini,
795 4227 826 4287 p.
837 4204 908 4295 31¹8.
921 4205 999 4269 Saue
1008 4200 1173 4291 Menander

115 4324 284 4397 Dexippus,
304 4318 452 4391 Eunapr'us
473 4333 522 4378 etc.
943 4318 976 4375 35
