3050 4892
299 302 342 371 nr
369 296 582 385 arcannm
607 298 663 367 oa
689 294 996 368 moruorum.
1096 266 1178 369 531

101 467 132 529 ei
146 460 299 541 ¹sermonis
330 458 508 541 elegantiam
534 478 597 519 non
619 453 764 519 intellexit
783 456 954 538 interpres,
982 466 1018 517 at
1036 476 1071 519 er
1090 454 1185 538 ipsius

102 548 241 611 versione
261 545 331 607 satis
351 552 488 624 apparet.
527 540 644 601 Eadem
672 538 776 622 phrasi
806 560 878 601 usus
898 549 964 601 erat
977 539 1133 622 Eunapius
1151 538 1188 601 in
1217 565 1221 576 ·

144 632 196 691 stis
216 628 318 689 Carini
338 625 479 708 Augusti.
522 624 676 705 Καρίνας,
688 624 797 705 inquit,
821 616 838 681 ὃ
858 614 1008 700 flandrie
1027 618 1189 700 peripteroe

104 652 143 775 Ξῖ
160 706 309 795 ἐξουσίᾳ,
331 702 385 769 καί
405 702 585 787 βουλήσεως
604 702 734 787 κύριος,
757 702 916 786 ἀνέδραμε
934 703 1112 784 τηλικοῦτον
1130 723 1189 764 κα·

106 789 163 857 triv
182 792 215 863 ἐς
234 786 422 873 τυραννίδα,
443 780 522 851 ὥστε
544 786 688 863 αἀέδειξι
706 783 831 869 χρυοδν
855 781 914 867 τὴν
932 783 1190 869 τραγῳδουμένην

107 874 290 957 τυραννίδα.
335 874 436 950 Quem
448 872 580 953 Eunapii
601 870 702 933 locum
729 874 803 931 citat
824 870 932 931 Snidaa
951 870 984 931 in
1005 889 1037 930 v.
1050 866 1189 949 Mouppi,

107 971 139 1022 et
159 961 193 1020 in
213 979 245 1018 v.
268 956 430 1035 Καρϊνος;
460 966 506 1017 est
527 965 626 1015 autem
655 950 774 1037 phrasis
792 950 931 1036 elegans,
952 963 982 1012 et
1001 950 1090 1034 piane
1111 948 1192 1009 Atti·

109 1064 156 1187 s
171 1035 583 1203 stauratio
603 1032 1194 1202 perpetraretur

382 1163 391 1180 .
566 1164 575 1197 ‚
752 1164 760 1179 .

110 1208 154 1271 At
177 1203 348 1267 eniensibus
375 1206 467 1265 creati
497 1202 633 1279 fuerant3
666 1204 709 1263 sic
737 1206 796 1265 ait:
820 1194 902 1282 ὅριδν
922 1196 1025 1281 δήπου
1045 1192 1119 1272 τοὺς
1137 1188 1195 1259 sir-

110 1288 190 1372 δρας
216 1286 250 1349 ἕν
268 1280 372 1370 χρόνῳ
407 1280 499 1370 ὀλίγῳ
530 1286 655 1367 χρυσῆν
686 1265 913 1358 ἀποδείξαντας
940 1276 996 1363 τὴν
1017 1276 1195 1385 ἔμπροσθεν
1252 1343 1256 1358 ,

111 1371 284 1435 πολιτείαν.
323 1368 468 1429 Similiter
497 1369 557 1428 Dio
579 1370 611 1427 in
639 1368 662 1429 l.
685 1366 736 1450 47.
758 1367 902 1429 historiae
917 1366 1029 1427 Rom:
1052 1384 1134 1442 ουτοι
1153 1356 1195 1424 ui

113 1448 285 1538 πράγματα
304 1446 383 1531 πρός
410 1469 443 1511 ιε
477 1445 511 1509 τὸ
532 1446 678 1530 βούλημα
706 1446 761 1510 καί
787 1445 865 1528 πρὸς
893 1443 930 1511 τὸ
951 1441 1140 1529 ἐπιθύμημα
1159 1438 1197 1509 ιδ

113 1530 239 1601 ἑαυτῶν
258 1534 385 1614 διῆγον,
408 1524 488 1593 aiore
507 1525 628 1611 χρυσδν
648 1524 706 1611 τὴν
724 1531 782 1592 τοῦ
799 1526 937 1596 Ἰουλίου
949 1530 1118 1611 ,Καίσαρος
1137 1547 1200 1606 μο-

117 1616 255 1700 ναρχίαν
290 1616 438 1699 φανῆναι.
481 1612 562 1675 Male
579 1614 659 1695 apud
681 1614 824 1677 loannem
843 1614 995 1677 Zonaram
1010 1614 1044 1674 in
1065 1625 1152 1678 tomo
1167 1632 1200 1689 a.

116 1699 231 1765 Annal.
250 1720 317 1782 pag.
343 1696 409 1777 ιρι.
438 1695 565 1779 legitur:
596 1690 676 1759 aiore
694 1692 838 1778 χρηστ“ν
852 1692 982 1777 sirtori
1003 1684 1200 1779 οἷνῃρημίνοιι

116 1778 284 1862 Καίσαρος
302 1779 481 1863 μοναρχίαν
502 1778 699 1857 νομίζεσθαι.
739 1722 940 1841 Scrihendum
955 1779 1037 1841 enim
1057 1788 1102 1838 est
1118 1798 1203 1857 χρο-

118 1866 178 1946 οῆν
197 1888 232 1926 ex
250 1866 361 1941 Dione,
382 1884 471 1946 quem
492 1862 627 1923 Zonaras
648 1863 808 1942 exscripsit.
849 1862 988 1943 Denique
1008 1860 1133 1958 Conon,
1147 1879 1201 1925 re-
1286 1925 1290 1931 ,

118 1960 170 2009 tus
189 1948 329 2029 scriptor,
351 1948 382 2007 in
405 1954 520 2005 narrat.
545 1946 590 2005 13.
612 1944 693 2026 apud
701 1944 866 2007 Photiumt
888 1936 1010 2027 χρυσὸς
1028 1932 1071 2003 δν
1089 1944 1204 2009 αυτοῖς

120 2024 222 2107 δόξειε
241 2026 280 2093 ιὰ
299 2027 355 2110 eric
377 2026 491 2111 Τροΐας
511 2021 606 2089 κακά.
1221 2038 1226 2047 ·

208 2367 285 2444 Ex
324 2365 610 2443 HISTORIA
644 2364 818 2441 PETRI
856 2364 1137 2442 PATRICII.

212 2529 292 2609 Pag.
325 2526 374 2593 23.
409 2522 708 2608 [121,a.1iucript.]
756 2526 816 2585 Hic
835 2526 945 2587 Petrus
974 2525 1122 2589 oriundus
1152 2524 1211 2587 hait

126 2610 367 2685 Thessalonica,
397 2611 450 2690 qui
481 2626 553 2667 cum
580 2607 685 2670 rhetor
715 2619 792 2669 esset
812 2608 1094 2691 Constantinopoli,
1125 2620 1157 2671 et
1174 2630 1212 2671 o-

128 2697 246 2755 mnium
259 2689 370 2753 saeculi
391 2693 436 2751 sui
448 2688 711 2771 prudentissimus,
726 2702 756 2751 et
773 2690 814 2750 ad
833 2691 1077 2771 persuadendum
1095 2692 1213 2771 aptissi-

129 2796 199 2837 mus
219 2774 400 2849 haberetur,
421 2770 535 2855 legatus
555 2770 595 2829 ad
617 2770 869 2832 Amalasuntham
889 2774 997 2835 missus
1014 2784 1061 2833 est
1080 2794 1099 2832 a
1120 2775 1212 2833 lusti·

128 2860 239 2931 niano,
262 2866 297 2917 ut
323 2856 414 2915 refert
434 2852 601 2995 Procopieus
620 2852 680 2915 l.r.
704 2854 905 2915 Gothicorum
929 2876 998 2935 pag.
1025 2856 1214 2937 170.;idem

131 2950 234 3023 postea
265 2939 306 2999 ob
326 2937 505 3020 legationem
573 2956 610 2995 ne
631 2948 759 3018 atquae
788 2956 851 3017 rep.
872 2948 987 3017 gestam
1012 2940 1146 3018 magistri
1165 2938 1215 2999 of-

132 3026 271 3085 ficiorum
292 3022 436 3103 dignitate
456 3029 562 3079 auctus
580 3030 645 3099 est,
663 3029 739 3081 teste
759 3018 908 3101 Procopio
927 3021 960 3081 in
979 3017 1003 3080 l.
1018 3040 1047 3085 a.
1068 3020 1216 3081 Gothico·

132 3102 395 3249 hhfflufllillitlnhlm
408 3102 453 3245 Ill
471 3103 533 3184 ipse
545 3111 608 3247 elale,
617 3102 715 3247 rhllllh8
735 3102 1121 3249 hlslnllllilThwllhlllhhhlt
1128 3104 1243 3255 effi?
1256 3202 1308 3258 eos

135 3272 268 3351 siodori,
288 3271 342 3331 ubi
371 3270 418 3331 vir
434 3206 695 3349 dhcluhllnthsimus
721 3268 844 3331 dicitur.
894 3207 1005 3331 h91issm
1031 3281 1076 3331 est
1094 3290 1217 3353 quoque
1242 3241 1251 3258 .

136 3352 251 3437 legatus
279 3354 319 3415 ad
348 3352 532 3426 Chosroim,
553 3372 654 3433 regem
674 3352 860 3426 Persarum,
883 3362 920 3413 ut
937 3353 1032 3414 tradit
1051 3353 1218 3433 Procopius

136 3438 170 3497 in
189 3435 284 3515 ΕΜ.
302 3436 500 3497 Gothioorum
518 3455 586 3517 pag.
600 3434 746 3512 333.‚ubt
760 3436 911 3500 Patricius
926 3435 1106 3517 appellatur.
1126 3436 1218 3497 Eius-

138 3520 208 3581 dem
228 3522 364 3581 meminit
380 3516 548 3599 Stephanus
568 3518 729 3599 Byzantius
749 3520 783 3579 in
804 3539 835 3580 v.
852 3514 992 3580 Ἀκόναι.
1030 3519 1219 3581 Memoratur

138 3604 231 3665 etiam
252 3604 284 3663 in
305 3603 390 3685 epist.
416 3600 567 3683 encyclica
590 3601 695 3684 Vigilii
714 3602 817 3684 Papae
837 3600 877 3662 ad
896 3602 1069 3665 universam
1086 3602 1220 3665 Ecclesi-

139 3706 211 3761 am,
235 3696 265 3745 et
284 3688 316 3747 in
336 3685 458 3769 Synodo
478 3686 595 3765 quinta.

225 3769 302 3849 Peg.
317 3767 365 3847 ορ.
382 3768 424 3829 A.
445 3764 613 3850 [ran,18.]
637 3764 720 3827 Haec
739 3766 843 3830 omnia
863 3765 902 3829 (le
921 3763 1068 3850 legatione
1078 3768 1237 3850 Decebali

142 3850 182 3913 ad
203 3850 369 3911 Traianum
396 3853 486 3911 missa
513 3850 620 3911 iisdem
652 3848 741 3930 plane
771 3850 873 3911 verbis
893 3853 1004 3933 scripta
1022 3852 1172 3913 hahentur
1189 3856 1225 3914 in

141 3934 298 4015 Excerptis
318 3933 501 4016 legationum
529 3954 564 3993 er
585 3931 710 3993 historia
730 3932 838 3993 Dionis
860 3932 973 4011 Cassii,
1005 3956 1084 4016 quae
1105 3958 1124 3996 a
1143 3935 1233 4006 Ful„

141 4018 194 4080 vio
215 4018 331 4079 Ursino
364 4022 496 4098 primum
530 4025 600 4076 sunt
620 4016 721 4089 edita,
745 4026 782 4075 ut
802 4038 920 4077 necesse
946 4022 996 4092 sit,
1019 4020 1146 4080 Petrum
1165 4019 1226 4079 Pa-

142 4100 265 4161 tricium
284 4101 391 4161 Dionis
420 4102 528 4161 scrinia
549 4098 733 4181 compilasse.
787 4100 927 4161 Ceterum
947 4097 1141 4182 πιλοφορους
1160 4102 1226 4161 Da·

144 4202 251 4245 corum
278 4195 492 4245 commemorat
519 4183 610 4245 etiam
631 4182 776 4243 Aurelius
803 4182 909 4244 Victor
937 4186 969 4244 in
996 4184 1154 4266 Traiano,
1172 4182 1226 4247 ubi
