3050 4892
311 237 378 299 xvi
485 287 488 300 .
719 237 775 299 DE
799 234 987 300 nexuri).

312 389 382 454 loris
400 389 592 474 primordiis,
607 409 702 474 usqne
719 389 759 450 ad
778 389 896 452 Claudii
911 388 1035 451 Gotbiei
1052 409 1166 452 cunum
1188 392 1319 473 primum
1331 389 1388 452 de·

311 489 415 570 duoti,
445 493 606 573 praecipuo
635 491 714 550 eirca
744 498 916 570 temporum
952 489 1099 550 rationem
1131 511 1204 550 cura
1236 490 1385 552 adbibita.

310 588 430 650 Horum
452 590 646 650 duodecimus
662 587 740 649 liber
758 609 777 648 a
795 588 948 670 Stepbnno
970 588 1204 670 etbnicograpbo
1221 590 1385 670 citatur⁹);

309 687 364 750 nbi
395 689 578 750 Hemrlorum
599 690 712 748 mentio
740 688 903 748 certissime
930 687 1107 769 comprobat
1136 687 1239 750 locum
1263 689 1386 771 dequo

309 789 409 869 agitur
426 809 487 849 non
502 775 632 848 multum
645 787 684 846 ub
698 787 796 868 operis
809 786 868 846 fine
883 785 1014 847 afuisse:
1030 797 1146 848 constet
1155 790 1247 868 igitur
1259 787 1386 868 scripto-

307 907 374 948 rem
387 887 435 947 bis
448 887 606 949 duodecim
621 885 759 964 „chartis
772 905 862 945 omne
881 906 990 948 aevum
1004 885 1206 967 explicuisse?
1236 887 1283 946 Ex
1302 886 1387 947 bisce

308 985 468 1046 annalibus
482 983 654 1067 syncellum
671 1003 869 1066 quaecunque
891 985 1059 1066 eDexippo
1082 983 1174 1044 babet
1192 987 1312 1066 petiisse
1332 1007 1384 1045 ar·

305 1083 421 1145 bitror:
444 1095 476 1144 at
496 1084 746 1146 Constantiniana
766 1094 905 1166 excerpta
927 1082 988 1144 illis
1018 1105 1142 1165 prorsus
1167 1083 1264 1144 aliena
1292 1095 1381 1144 sunt:

306 1203 404 1264 neque
430 1184 509 1244 enim
542 1182 671 1266 prolixas
694 1185 846 1244 orationes
867 1204 973 1264 capere
1002 1185 1146 1263 potuisset
1170 1181 1386 1264 breviloquens

303 1279 459 1342 annalium
487 1284 589 1356 ratio,
616 1282 668 1364 qui
693 1281 754 1342 sere
789 1280 912 1362 singulis
943 1279 1029 1340 libris
1060 1280 1214 1342 saeculum
1244 1303 1383 1363 compre·

303 1379 497 1457 bendebant3
518 1379 599 1440 unde
618 1377 787 1440 Trebellius
808 1379 905 1442 Pollio
917 1380 956 1459 ¹⁰)
965 1379 1137 1461 Dexippum
1154 1382 1258 1441 omnib
1283 1381 1384 1439 brevi-

301 1485 358 1538 ter'
361 1491 565 1563 persequutoris
584 1501 663 1556 esse,
684 1478 810 1560 scripsit.

386 1578 444 1638 lli.
486 1578 549 1640 Has
570 1581 663 1660 igitur
683 1576 800 1660 eclogas
818 1579 857 1640 de
876 1578 1074 1662 legationibus
1095 1578 1135 1643 ad
1148 1573 1291 1639 Σκυθικὰ
1310 1600 1382 1660 per-

301 1677 399 1738 tinere
425 1678 487 1738 iam
513 1679 636 1739 Vossius
662 1680 812 1760 perspexit
831 1680 890 1755 1Ι)ε
922 1678 1087 1760 eademque
1114 1699 1218 1738 earum
1238 1680 1315 1739 rutio
1334 1689 1384 1740 eet

300 1795 377 1858 quas
406 1797 442 1837 ex
464 1775 554 1838 titulo
573 1776 613 1837 de
634 1779 788 1838 sententiis
815 1777 910 1838 edidit
928 1775 976 1838 ill.
1007 1778 1117 1837 Maius.
1158 1770 1321 1853 Σκυθικὰ,
1340 1778 1381 1837 de

300 1873 377 1936 bello
403 1874 539 1955 Styelu'co
558 1885 675 1938 vertere
704 1875 878 1955 debebam3
905 1877 1048 1957 qnoniam
1076 1874 1153 1937 illud
1179 1874 1382 1956 intelligitur,
1476 1957 1483 1968 ,

300 1973 403 2056 quod,
423 1985 563 2056 coeptum
583 1975 642 2036 sub
661 1975 774 2048 Decio,
796 1996 892 2058 nsque
904 1973 944 2034 ad
954 1973 1110 2037 Aureliani
1124 1993 1229 2054 pacem
1243 1973 1380 2034 duravit.

299 2069 404 2154 Atque
422 2073 472 2133 bic
493 2074 616 2154 quidem
635 2073 742 2134 leviter
755 2076 836 2134 eirca
855 2072 948 2134 verba
960 2071 1060 2155 lapsus
1072 2089 1159 2151 sum3
1172 2074 1205 2132 in
1218 2092 1254 2132 eo
1269 2091 1381 2133 vereor

129 2123 132 2132 Ι
218 2155 227 2168 ”
298 2187 338 2228 ne
357 2172 477 2250 gravius
497 2172 679 2247 erraverim,
705 2171 787 2252 quod
807 2191 956 2253 quaenp.
970 2192 1019 2232 aa.
1034 2171 1056 2232 l.
1072 2193 1121 2232 ao.
1133 2170 1172 2231 ad
1186 2192 1217 2252 p.
1232 2169 1284 2231 26.
1304 2169 1380 2250 lq,

256 2273 263 2288 '
296 2265 468 2346 bubentur,
488 2268 624 2350 Dexippo
645 2271 702 2351 ipsi
727 2271 891 2332 tribuerem
906 2274 1024 2352 ,qussi
1044 2271 1212 2332 orationem
1238 2269 1278 2329 ad
1296 2270 1377 2330 cives

297 2387 368 2430 suos
391 2365 544 2444 habitam,
572 2369 623 2450 qui
644 2371 804 2430 temerario
834 2369 961 2431 consilio
985 2372 1080 2430 muris
1108 2365 1209 2450 egredi
1237 2377 1269 2427 et
1306 2389 1378 2429 eum

295 2465 433 2526 bostibus
452 2465 611 2548 conlligere
629 2479 785 2550 cuperent.
825 2469 895 2530 Non
910 2469 1097 2530 attenderam
1114 2466 1160 2529 ill.
1181 2467 1256 2527 Maii
1276 2469 1383 2548 opini⁴

295 2565 425 2644 onem12)
436 2609 445 2642 ,
458 2564 612 2647 epistolam
624 2587 706 2627 esse:
731 2568 779 2628 cui
796 2579 833 2627 ut
843 2568 957 2652 aliquid
969 2568 1006 2629 de
1016 2589 1085 2628 meo
1098 2566 1249 2644 adiiciam,
1263 2566 1376 2640 dicam,

294 2665 502 2746 amagistratu
519 2663 656 2726 Romano
673 2667 795 2728 missam
817 2669 912 2728 videri
926 2671 1015 2729 simo
1034 2666 1074 2726 ab
1094 2669 1158 2748 ipso
1173 2664 1298 2726 sortasse
1310 2666 1374 2724 lm-

291 2775 453 2847 peretore:
475 2785 544 2842 eum
566 2787 598 2827 se
613 2787 683 2828 cum
704 2770 799 2848 copiis
820 2789 889 2829 mor
913 2766 1079 2828 affuturum
1092 2767 1237 2827 nunciare
1260 2767 1301 2847 (p.
1315 2762 1370 2826 25.

292 2861 383 2947 [17.
400 2866 509 2946 seqql:
537 2863 705 2948 lectamque
734 2888 798 2927 esse
833 2868 864 2927 in
888 2870 1032 2928 concione
1052 2869 1093 2948 (p.
1115 2866 1202 2955 sml.
1227 2864 1284 2945 18.)
1325 2865 1374 2924 De

291 2959 362 3038 bis,
386 2964 412 3024 si
427 2963 505 3024 sorte
518 2963 679 3046 aliquando
697 2966 809 3027 codicis
822 2968 932 3048 pagiua
949 2965 1020 3044 324.
1035 2966 1152 3048 plenius
1170 2988 1188 3027 e
1201 2965 1292 3028 litura
1304 2966 1372 3024 erui

289 3064 442 3144 potuerit,
462 3062 577 3146 liquido
594 3065 762 3126 constabit:
789 3087 824 3125 oc
842 3078 917 3126 tunc
931 3064 1057 3127 fortasse
1069 3065 1243 3147 expedietur
1256 3064 1294 3123 de
1308 3083 1371 3144 quo

289 3165 412 3227 tandem
422 3167 534 3249 oppido
544 3166 713 3248 quibusque
725 3166 842 3227 civibus
852 3189 951 3227 sermo
965 3167 1017 3227 sit.
1033 3167 1122 3226 Nunc
1137 3165 1167 3224 in
1181 3164 1212 3223 id
1224 3164 1372 3225 sententia

290 3263 415 3325 inclinat
446 3277 481 3326 nt
503 3267 578 3327 baec
603 3267 643 3327 ad
663 3269 795 3347 primum
814 3266 986 3327 Gothorum
1003 3266 1168 3326 adventum
1191 3262 1250 3323 sub
1274 3264 1370 3322 Decio

290 3364 438 3442 pertinere
458 3365 596 3445 credam,
615 3367 700 3427 cuius
722 3387 833 3426 nornen
853 3367 886 3424 in
905 3365 1074 3426 oblitterata
1097 3363 1149 3423 illa
1174 3363 1281 3444 pagiua
1296 3382 1371 3422 con·

289 3461 433 3542 spicitur3
463 3462 496 3523 id
514 3465 596 3546 quod
613 3486 650 3526 eo
670 3465 841 3526 confirmari
862 3465 982 3525 videtur
1000 3464 1082 3546 quod
1096 3463 1133 3522 de
1149 3461 1239 3522 rebus
1257 3460 1296 3521 ad
1311 3461 1369 3520 Ni-

288 3558 420 3641 copolim
436 3561 567 3624 Moesiae
588 3567 677 3646 gestis
699 3565 813 3624 mentio
843 3563 976 3624 iniicitur
994 3568 1034 3645 (p.
1049 3562 1098 3625 25.
1126 3559 1149 3621 l.
1167 3581 1216 3625 aa.
1233 3560 1272 3625 ef.
1289 3560 1369 3642 Syn-

164 3680 170 3699 ·
287 3657 398 3719 cellum
410 3661 515 3744 p.705.
528 3661 550 3728 l.
569 3667 636 3742 rm).
680 3662 814 3741 Quodsi
833 3665 875 3724 ita
892 3666 951 3740 sit,
974 3658 1371 3745 Philippopolitauilueriut

286 3757 430 3839 oppidani
459 3782 477 3820 a
505 3760 641 3823 barbaris
669 3764 865 3828 circumsessi.
917 3763 987 3822 Non
1009 3772 1111 3821 tamen
1148 3757 1297 3820 silendum
1320 3768 1369 3818 est

286 3857 377 3917 etiam
398 3856 455 3919 sub
476 3857 603 3921 Claudio
626 3860 705 3944 Aug.
726 3862 766 3923 ad
787 3860 959 3942 Nicopolim
971 3881 1113 3944 prospere
1128 3860 1272 3922 adversus
1295 3857 1368 3917 bor·

306 4053 336 4124 9)
354 4071 373 4104 ⁸·
393 4071 417 4112 V·
431 4047 574 4124 'Elfft‘ffl-
632 4059 676 4116 tol
693 4061 858 4120 Geminum
913 4060 956 4126 ιι)
974 4063 1014 4115 De
1035 4059 1130 4114 bistor.
1148 4057 1243 4111 (inec.
1262 4073 1289 4127 p.
1306 4056 1364 4124 sla

353 4125 497 4196 12)Pracl.
517 4128 551 4179 ad
570 4128 631 4181 coll.
653 4131 739 4184 Vatis.
759 4132 792 4182 11.
810 4149 836 4201 p.
845 4130 962 4196 xxvttt
1292 4149 1296 4162 ·
