3050 4892
296 317 339 381 nr
369 313 553 388 mannas
583 315 754 384 munim
790 318 938 386 cami.
1079 287 1165 408 579

78 479 142 532 tem
158 470 288 533 Zenonis
312 482 343 534 et
360 471 510 536 Anastasii
521 473 684 537 Silentiarii
701 497 783 539 anno
795 478 871 560 491.
888 476 1001 538 sectam
1015 474 1170 540 Ariadnae

77 574 172 635 opera
194 556 464 638 inaugurationem.
508 560 641 620 Leonem
664 559 746 620 hunc
762 561 815 622 alii
833 559 985 620 Thracem
1002 559 1170 641 appeliant,

77 649 111 696 et
137 640 383 718 cognominatum
417 639 506 702 fuisse
536 643 711 722 Magnum,
739 642 898 705 Seniorcm
931 664 966 703 ac
994 639 1173 722 Μακὲλληκ

78 718 199 782 τοίοισι.
251 721 429 782 Theodorus
466 723 657 806 Anagnostes
691 723 772 786 libro
810 728 911 807 primo
956 721 1174 785 Colectaneo·

78 823 179 862 rum:
216 803 448 884 προχειρίζεται
477 805 513 866 δὲ
542 803 586 879 εἰς
611 805 746 886 βασιλέα
774 807 871 870 Λέων
912 827 960 879 τις
987 802 1075 890 Θρᾲξ
1112 806 1174 881 μὲν

77 879 247 962 τὸγένος,
281 887 445 968 τριβοῦυος
478 887 513 948 δὲ
542 883 602 968 τὴν
625 885 736 967 α’ξίοικ,
771 911 863 971 quam
891 889 1069 971 dignitatem
1091 888 1173 948 Can·
1237 923 1245 950 ι

79 966 170 1028 didus
212 967 301 1050 longa
339 970 517 1032 circuitione
550 974 673 1054 exponit
700 993 708 1032 ι
753 971 968 1054 στρατιωτικῷ
1003 970 1176 1049 παραγγεί-

79 1052 139 1120 λας
177 1043 310 1128 τάγματι
337 1052 391 1112 καί
408 1055 506 1113 τελῶν
529 1044 629 1134 ἄρξας
659 1055 722 1116 τῶν
744 1053 779 1117 ἐκ
804 1053 1003 1136 Σηλυμβρίᾳ.
1046 1054 1095 1113 Dc
1117 1074 1176 1134 pa·

79 1135 141 1193 tria
162 1144 193 1192 ct
215 1131 312 1194 officio
331 1136 478 1194 consentit
495 1137 699 1218 Theophanes
728 1137 758 1198 in
781 1135 937 1199 Chronico
958 1136 1066 1196 iisdem
1102 1151 1176 1196 usuc

81 1213 209 1289 verbis,
236 1217 346 1311 quibus
369 1217 541 1280 subnectit:
577 1219 657 1318 μιγυί
691 1217 930 1302 Φεβρουαρίῳ,
951 1215 1028 1280 ’na
1053 1212 1073 1276 ι’
1103 1235 1174 1278 στι-

83 1297 179 1379 φθείς
203 1290 265 1358 ὕπο
284 1295 471 1360 Ἀυατολιλιυ
502 1321 719 1384 πατριαρχου,
754 1301 838 1384 quod
870 1323 913 1362 an
941 1321 1049 1362 vemm
1067 1301 1118 1374 sit,
1143 1300 1178 1361 in

83 1381 237 1442 Chronico
256 1381 439 1442 videbimus.

161 1463 301 1547 Pag.17.
322 1463 363 1524 A.
383 1463 470 1548 [47²⁵
491 1463 541 1548 6.]
562 1464 785 1540 Ardebat-tum,
801 1465 969 1530 Patricium
987 1477 1017 1527 et
1043 1461 1173 1526 Heme·

83 1548 248 1606 nariclurm.
293 1547 370 1606 Tres
393 1548 519 1629 Asparis
540 1547 616 1609 tilios
641 1571 676 1618 ex
701 1551 801 1610 tribus
842 1549 988 1610 uxoribus
1019 1557 1175 1629 susceptos

86 1640 235 1690 memorat
261 1629 429 1690 Candidus.
472 1632 520 1691 De
542 1633 654 1712 quibus
688 1632 777 1713 plura
805 1631 897 1712 paulo
928 1641 1018 1712 post,
1048 1653 1118 1691 cum
1141 1644 1178 1691 cx

85 1714 224 1792 ipsomet,
248 1721 314 1771 tum
331 1733 365 1772 ex
392 1712 459 1773 aliis
478 1715 647 1774 coaetaneis
666 1715 865 1796 scriptoribus
889 1715 1028 1774 dicentur
1041 1734 1059 1772 a
1071 1713 1178 1788 nobis3

87 1797 208 1854 interim
234 1795 383 1871 observa,
408 1796 570 1876 implexam
597 1798 688 1858 nimis
724 1796 808 1879 apud
828 1797 978 1856 Zonaram
1012 1797 1181 1856 orationem

88 1876 147 1939 levi
171 1879 337 1937 mutatione
363 1881 462 1938 sanari
491 1900 605 1959 posses
636 1875 728 1940 εἴκων
752 1871 871 1962 ἀνάγκῃ
908 1877 1064 1956 Καίσαρα
1098 1879 1187 1936 norst

89 1953 151 2018 α’πὸ
170 1956 335 2038 πατρικίου
356 1957 397 2032 (lc
418 1982 435 2020 e
455 1954 511 2020 τὸν
534 1959 722 2041 Πατρίκιον)
742 1958 795 2022 τὸυ
820 1962 877 2021 τοῦ
891 1950 1054 2040 ’Ἀσπαρος
1071 1957 1183 2035 παῖδα,

88 2037 318 2122 Ἀρδαβουρίου
338 2039 373 2102 di
391 2035 540 2120 cdetpo'v.

174 2123 253 2204 Pag.
279 2121 327 2184 ι8.
344 2122 385 2183 A.
401 2123 490 2206 [4γῇ
511 2121 571 2206 rm]
596 2123 744 2184 Isauriam
767 2125 807 2184 ab
825 2118 910 2191 Esau
936 2141 1042 2182 nomen
1068 2135 1184 2184 mutua·

89 2221 165 2267 tant.
208 2207 292 2264 ldern
311 2226 431 2287 quoque
455 2207 534 2266 infra
551 2207 656 2268 eadem
674 2209 784 2288 pagina
798 2205 943 2266 inculcat.
983 2204 1044 2264 Sed
1065 2204 1105 2265 de
1126 2204 1185 2266 bac

89 2289 290 2371 originatione
308 2291 419 2348 mirum
438 2290 519 2369 apud
535 2299 648 2350 ceteros
673 2289 841 2350 silentium.

178 2369 256 2452 Peg.
280 2370 328 2432 18.
351 2369 391 2432 A.
409 2369 500 2454 [473.
534 2370 595 2452 τί]
617 2372 726 2432 Leonis
743 2393 804 2454 per
827 2370 977 2456 Asparem
1001 2365 1182 2430 electionem}

92 2451 211 2516 Auctor
240 2453 382 2515 Chronici
406 2453 603 2516 Alexandrini
636 2453 676 2514 ab
712 2457 844 2514 exercitu
876 2465 1011 2514 creatum
1053 2453 1187 2512 Leonem

94 2539 240 2618 Magnum
258 2547 384 2598 testatur
399 2559 429 2620 7.
444 2537 517 2597 ldus
529 2535 709 2610 Februarii,
735 2537 933 2598 Constantino
950 2547 981 2596 et
998 2535 1079 2595 Rufo
1087 2535 1185 2608 Coss„

94 2640 175 2680 anno
194 2618 555 2704 DominiciNatalis457.
570 2642 578 2680 ι
593 2615 649 2680 καί
677 2612 801 2702 ἐπήρθη
832 2620 928 2680 Λέων
961 2612 979 2677 o‘
1008 2618 1107 2695 μέγας
1128 2617 1187 2693 βα·

95 2696 203 2772 σιλεύς
223 2693 285 2760 ὑπὸ
310 2702 367 2760 τοῦ
391 2701 548 2780 ἑξορκέτυυ
572 2701 649 2781 μηνί
659 2699 802 2784 Περιτίῳ
823 2696 884 2780 πρὸ
904 2696 928 2774 ζ’
949 2696 1026 2762 idcir
1045 2701 1189 2776 Φεβρου-

97 2777 205 2862 αρίου.
245 2783 377 2863 Propius
400 2784 439 2842 ad
459 2783 586 2844 Candidi
609 2787 816 2843 narrationem
838 2783 954 2842 accedit
978 2792 1045 2840 turn
1078 2781 1187 2840 Suidas

98 2868 130 2926 in
150 2885 223 2924 voce
240 2865 451 2938 Ardaburins‚
477 2877 543 2926 tum
560 2865 683 2925 Priscus
697 2865 814 2924 Rhetor
828 2866 909 2967 apud
931 2863 1100 2944 Euagrium
1116 2861 1139 2922 Ι.
1157 2883 1188 2923 2.

97 2969 165 3028 cap.
189 2948 249 3010 16.:
274 2942 354 3028 ἅπερ
383 2943 592 3026 ἀκριβέστατα
615 2941 749 3029 Πρίσκῳ
774 2945 820 3030 τιβ
856 2940 978 3024 Ρήτορι
1007 2937 1192 3022 πεπότηται.

100 3021 185 3100 ὅπως
212 3049 246 3090 τε
265 3023 346 3112 δόλῳ
366 3025 544 3107 περιελθών
574 3023 590 3089 ὃ
623 3028 735 3124 Λίσσον
748 3022 868 3106 μισθὸν
889 3020 996 3128 ὥσπερ
1019 3021 1192 3121 οἷροδιδοὺς

99 3111 157 3189 τῆς
182 3109 214 3183 ἐς
238 3105 337 3172 adadu
365 3113 550 3192 προαγωγῆς
577 3107 707 3192 οἶναιρεῖ
735 3113 878 3189 Αστιαρα
899 3103 957 3190 τὴν
975 3128 1081 3186 αρχηυ
1104 3103 1194 3191 αὐτῷ

102 3193 290 3274 περιθέντα,
331 3189 448 3264 παῖδας
463 3215 495 3255 τι
522 3190 620 3256 αὐτοῦ
663 3187 896 3276 Ἀρδαβοιίριοκ
922 3189 978 3250 καί
1001 3188 1192 3286 diespiter,

104 3267 141 3334 dr
169 3271 321 3356 Καίσαρα
346 3274 493 3354 πεποίητο
529 3275 699 3357 πρότερον,
731 3273 784 3336 ἵνα
808 3267 866 3355 τὴν
886 3264 1057 3352 Ἀστιαρος
1083 3289 1194 3332 αιοιαν

103 3349 271 3436 κτήσηται,
287 3381 340 3419 seu
358 3361 457 3439 potius
472 3348 616 3436 εὔνοιαι,
635 3369 670 3418 ut
691 3358 871 3439 iampridem
892 3355 1063 3418 emendavit
1080 3353 1193 3414 doctis·

106 3440 200 3500 simus
216 3439 454 3502 lacobusbillius
469 3440 523 3502 lib.
544 3463 571 3502 1.
583 3463 652 3524 cap.
679 3439 730 3503 38.
750 3441 1008 3502 Observationum
1027 3455 1193 3498 sacrarum.
1291 3441 1296 3450 '

104 3522 216 3603 Aspari
241 3525 384 3585 Senatum
405 3526 560 3606 coniungit
579 3526 796 3586 Constantinus
818 3523 973 3586 Manasscs
992 3523 1027 3583 in
1052 3539 1196 3602 compen·

108 3603 161 3666 dio
182 3605 332 3668 Chronico
348 3629 417 3689 pag.
434 3605 485 3668 58.
506 3607 645 3668 editionis
665 3610 785 3688 regines

186 3683 229 3750 Ἡ
247 3685 415 3770 σύγκλητος
436 3683 497 3749 οὖν
510 3679 655 3769 Ἀσπαρι
676 3689 721 3773 τῷ
741 3681 811 3749 τότε
831 3685 987 3772 σοιτρικίρ

189 3767 246 3842 Εἰς
262 3771 384 3832 Λέοντα
398 3765 570 3852 κατάγουσι
585 3765 644 3851 τήν
665 3765 983 3852 σκηπτροκρατορίοκ.

196 3847 258 3914 Τὸν
281 3846 467 3934 φροντιστὴν
487 3847 540 3914 τὸν
555 3848 701 3935 λογιστῆκ
720 3853 784 3916 τῶν
797 3841 964 3931 ”Ascapos
987 3847 1199 3937 apstrudam,

192 3931 486 4014 Καθυπσσχόμευος
503 3935 590 4020 adrui
612 3930 748 4015 θάτερον
771 3935 835 3996 τῶν
856 3927 939 3995 ὑέων

193 4015 244 4078 Tu
262 4017 373 4112 στέιρεϊ
388 4016 445 4078 τοῦ
464 4013 632 4097 Καίσαρος
656 4012 713 4098 τὴν
731 4009 874 4100 κεφαλήν
896 4016 1073 4097 κοσμῆσαι·

195 4073 280 4160 Oddi
297 4119 355 4178 γαρ
378 4089 417 4179 ἦν
431 4093 484 4160 τὸν
500 4087 650 4178 ’Ἁσιιαρα
667 4093 803 4179 κράτους
825 4097 1037 4176 ἐπιλαβέσθαι

200 4179 247 4265 Τῇ
272 4175 373 4266 λύσσῃ
392 4175 599 4261 κατεχόμενοι
613 4175 743 4266 Ἀρείου
759 4179 815 4242 τοῦ
830 4172 969 4262 βεβήλου
