<?xml version="1.0" encoding="UTF-8"?>
<!DOCTYPE html PUBLIC "-//W3C//DTD XHTML 1.0 Transitional//EN"
    "http://www.w3.org/TR/xhtml1/DTD/xhtml1-transitional.dtd">
<html xmlns="http://www.w3.org/1999/xhtml" xml:lang="en" lang="en">
 <head>
  <title>
</title>
<meta http-equiv="Content-Type" content="text/html;charset=utf-8" />
  <meta name='ocr-system' content='tesseract 3.04.00' />
  <meta name='ocr-capabilities' content='ocr_page ocr_carea ocr_par ocr_line ocrx_word'/>
</head>
<body>
  <div class='ocr_page' id='page_1' title='image "./corpusscriptoru41niebgoog/corpusscriptoru41niebgoog_0604.png"; bbox 0 0 3050 4892; ppageno 0'>
   <div class='ocr_carea' id='block_1_1' title="bbox 370 155 1023 242">
    <p class='ocr_par' dir='ltr' id='par_1_1' title="bbox 370 155 1023 242">
     <span class='ocr_line' id='line_1_1' title="bbox 370 155 1023 242; baseline -0.009 0"><span class='ocrx_word' id='word_1_1' title='bbox 370 155 452 242; x_wconf 82' lang='lat'><strong>520</strong></span> <span class='ocrx_word' id='word_1_2' title='bbox 806 171 1023 240; x_wconf 72' lang='lat' dir='ltr'><strong>cumcunl</strong></span> 
     </span>
    </p>
   </div>
   <div class='ocr_carea' id='block_1_2' title="bbox 297 330 1439 4101">
    <p class='ocr_par' dir='ltr' id='par_1_2' title="bbox 297 330 1439 4101">
     <span class='ocr_line' id='line_1_2' title="bbox 367 330 1145 416; baseline -0.017 -12"><span class='ocrx_word' id='word_1_3' title='bbox 367 343 410 404; x_wconf 87' lang='lat' dir='ltr'><strong>Et</strong></span> <span class='ocrx_word' id='word_1_4' title='bbox 428 341 542 400; x_wconf 84' lang='lat' dir='ltr'><strong>Romae</strong></span> <span class='ocrx_word' id='word_1_5' title='bbox 563 355 665 398; x_wconf 83' lang='lat' dir='ltr'><strong>caenas</strong></span> <span class='ocrx_word' id='word_1_6' title='bbox 685 332 844 416; x_wconf 79' lang='lat' dir='ltr'><strong>rapiendas</strong></span> <span class='ocrx_word' id='word_1_7' title='bbox 861 335 963 394; x_wconf 82' lang='lat' dir='ltr'><strong>traxit</strong></span> <span class='ocrx_word' id='word_1_8' title='bbox 986 330 1028 390; x_wconf 89' lang='lat' dir='ltr'><strong>ad</strong></span> <span class='ocrx_word' id='word_1_9' title='bbox 1043 353 1145 408; x_wconf 78' lang='lat' dir='ltr'><strong>arces,</strong></span> 
     </span>
     <span class='ocr_line' id='line_1_3' title="bbox 367 430 1388 518; baseline -0.008 -18"><span class='ocrx_word' id='word_1_10' title='bbox 367 439 510 500; x_wconf 75' lang='lat' dir='ltr'><strong>Vindicta</strong></span> <span class='ocrx_word' id='word_1_11' title='bbox 528 449 563 497; x_wconf 92' lang='lat' dir='ltr'><strong>ut</strong></span> <span class='ocrx_word' id='word_1_12' title='bbox 580 445 705 518; x_wconf 85' lang='lat' dir='ltr'><strong>pereant</strong></span> <span class='ocrx_word' id='word_1_13' title='bbox 726 433 849 509; x_wconf 85' lang='lat' dir='ltr'><strong>merita,</strong></span> <span class='ocrx_word' id='word_1_14' title='bbox 870 432 1045 512; x_wconf 88' lang='lat' dir='ltr'><strong>lucemque</strong></span> <span class='ocrx_word' id='word_1_15' title='bbox 1061 430 1231 512; x_wconf 83' lang='lat' dir='ltr'><strong>relinquant.</strong></span> <span class='ocrx_word' id='word_1_16' title='bbox 1362 433 1388 492; x_wconf 84' lang='lat' dir='ltr'><strong>in</strong></span> 
     </span>
     <span class='ocr_line' id='line_1_4' title="bbox 371 529 1154 614; baseline -0.014 -14"><span class='ocrx_word' id='word_1_17' title='bbox 371 541 484 600; x_wconf 84' lang='lat' dir='ltr'><strong>Tristia</strong></span> <span class='ocrx_word' id='word_1_18' title='bbox 503 558 575 597; x_wconf 86' lang='lat' dir='ltr'><strong>nam</strong></span> <span class='ocrx_word' id='word_1_19' title='bbox 591 555 695 597; x_wconf 87' lang='lat' dir='ltr'><strong>rursus</strong></span> <span class='ocrx_word' id='word_1_20' title='bbox 710 536 862 614; x_wconf 79' lang='lat' dir='ltr'><strong>cupientes</strong></span> <span class='ocrx_word' id='word_1_21' title='bbox 885 531 1009 592; x_wconf 87' lang='lat' dir='ltr'><strong>damna</strong></span> <span class='ocrx_word' id='word_1_22' title='bbox 1031 529 1154 608; x_wconf 84' lang='lat' dir='ltr'><strong>referre,</strong></span> 
     </span>
     <span class='ocr_line' id='line_1_5' title="bbox 371 624 1080 715; baseline -0.014 -16"><span class='ocrx_word' id='word_1_23' title='bbox 371 638 413 698; x_wconf 91' lang='lat' dir='ltr'><strong>Et</strong></span> <span class='ocrx_word' id='word_1_24' title='bbox 430 638 524 698; x_wconf 81' lang='lat' dir='ltr'><strong>Latiis</strong></span> <span class='ocrx_word' id='word_1_25' title='bbox 547 634 644 696; x_wconf 87' lang='lat' dir='ltr'><strong>multo</strong></span> <span class='ocrx_word' id='word_1_26' title='bbox 663 633 762 712; x_wconf 80' lang='lat' dir='ltr'><strong>regnis</strong></span> <span class='ocrx_word' id='word_1_27' title='bbox 776 624 878 715; x_wconf 79' lang='lat' dir='ltr'><strong>peiora</strong></span> <span class='ocrx_word' id='word_1_28' title='bbox 901 632 1080 705; x_wconf 83' lang='lat' dir='ltr'><strong>minantes,</strong></span> 
     </span>
     <span class='ocr_line' id='line_1_6' title="bbox 372 730 1029 817; baseline -0.009 -22"><span class='ocrx_word' id='word_1_29' title='bbox 372 735 523 817; x_wconf 86' lang='lat' dir='ltr'><strong>Principis</strong></span> <span class='ocrx_word' id='word_1_30' title='bbox 541 733 643 794; x_wconf 83' lang='lat' dir='ltr'><strong>invicti</strong></span> <span class='ocrx_word' id='word_1_31' title='bbox 657 733 727 794; x_wconf 85' lang='lat' dir='ltr'><strong>felix</strong></span> <span class='ocrx_word' id='word_1_32' title='bbox 748 734 896 793; x_wconf 82' lang='lat' dir='ltr'><strong>exereitus</strong></span> <span class='ocrx_word' id='word_1_33' title='bbox 909 730 1029 806; x_wconf 82' lang='lat' dir='ltr'><strong>armis,</strong></span> 
     </span>
     <span class='ocr_line' id='line_1_7' title="bbox 373 831 1143 916; baseline -0.012 -19"><span class='ocrx_word' id='word_1_34' title='bbox 373 835 584 916; x_wconf 83' lang='lat' dir='ltr'><strong>Ductoresque</strong></span> <span class='ocrx_word' id='word_1_35' title='bbox 608 833 666 894; x_wconf 87' lang='lat' dir='ltr'><strong>lide</strong></span> <span class='ocrx_word' id='word_1_36' title='bbox 686 855 742 894; x_wconf 87' lang='lat' dir='ltr'><strong>nec</strong></span> <span class='ocrx_word' id='word_1_37' title='bbox 762 853 826 892; x_wconf 86' lang='lat' dir='ltr'><strong>non</strong></span> <span class='ocrx_word' id='word_1_38' title='bbox 848 831 971 892; x_wconf 77' lang='lat' dir='ltr'><strong>virtute</strong></span> <span class='ocrx_word' id='word_1_39' title='bbox 988 839 1143 911; x_wconf 80' lang='lat' dir='ltr'><strong>potentes,</strong></span> 
     </span>
     <span class='ocr_line' id='line_1_8' title="bbox 376 918 1439 1013; baseline -0.012 -19"><span class='ocrx_word' id='word_1_40' title='bbox 376 933 528 994; x_wconf 81' lang='lat' dir='ltr'><strong>Omnibus</strong></span> <span class='ocrx_word' id='word_1_41' title='bbox 545 932 688 992; x_wconf 82' lang='lat' dir='ltr'><strong>adiiciunt</strong></span> <span class='ocrx_word' id='word_1_42' title='bbox 707 952 808 993; x_wconf 80' lang='lat' dir='ltr'><strong>caesos</strong></span> <span class='ocrx_word' id='word_1_43' title='bbox 821 929 1037 1013; x_wconf 75' lang='lat' dir='ltr'><strong>profugosque</strong></span> <span class='ocrx_word' id='word_1_44' title='bbox 1058 928 1169 1003; x_wconf 80' lang='lat' dir='ltr'><strong>minis,</strong></span> <span class='ocrx_word' id='word_1_45' title='bbox 1370 921 1394 979; x_wconf 78' lang='lat' dir='ltr'><strong>il</strong></span> <span class='ocrx_word' id='word_1_46' title='bbox 1438 918 1439 981; x_wconf 75' lang='lat' dir='ltr'><strong>l</strong></span> 
     </span>
     <span class='ocr_line' id='line_1_9' title="bbox 376 1029 1439 1121; baseline -0.009 -28"><span class='ocrx_word' id='word_1_47' title='bbox 376 1033 454 1094; x_wconf 90' lang='lat' dir='ltr'><strong>Cum</strong></span> <span class='ocrx_word' id='word_1_48' title='bbox 475 1031 602 1092; x_wconf 87' lang='lat' dir='ltr'><strong>ducibus</strong></span> <span class='ocrx_word' id='word_1_49' title='bbox 629 1031 747 1093; x_wconf 84' lang='lat' dir='ltr'><strong>sceleris</strong></span> <span class='ocrx_word' id='word_1_50' title='bbox 768 1030 954 1100; x_wconf 81' lang='lat' dir='ltr'><strong>ducentibus</strong></span> <span class='ocrx_word' id='word_1_51' title='bbox 973 1029 1115 1110; x_wconf 87' lang='lat' dir='ltr'><strong>improba</strong></span> <span class='ocrx_word' id='word_1_52' title='bbox 1133 1031 1222 1109; x_wconf 79' lang='lat' dir='ltr'><strong>signa.</strong></span> <span class='ocrx_word' id='word_1_53' title='bbox 1438 1034 1439 1121; x_wconf 53' lang='lat' dir='ltr'><strong>p</strong></span> 
     </span>
     <span class='ocr_line' id='line_1_10' title="bbox 460 1125 1439 1215; baseline -0.011 -21"><span class='ocrx_word' id='word_1_54' title='bbox 460 1133 505 1194; x_wconf 91' lang='lat' dir='ltr'><strong>Ut</strong></span> <span class='ocrx_word' id='word_1_55' title='bbox 522 1132 588 1210; x_wconf 87' lang='lat' dir='ltr'><strong>leo,</strong></span> <span class='ocrx_word' id='word_1_56' title='bbox 606 1133 658 1214; x_wconf 87' lang='lat' dir='ltr'><strong>qui</strong></span> <span class='ocrx_word' id='word_1_57' title='bbox 676 1151 805 1215; x_wconf 80' lang='lat' dir='ltr'><strong>regnans</strong></span> <span class='ocrx_word' id='word_1_58' title='bbox 818 1129 896 1191; x_wconf 78' lang='lat' dir='ltr'><strong>silva</strong></span> <span class='ocrx_word' id='word_1_59' title='bbox 911 1130 1096 1191; x_wconf 79' lang='lat' dir='ltr'><strong>dominatur</strong></span> <span class='ocrx_word' id='word_1_60' title='bbox 1115 1131 1147 1187; x_wconf 90' lang='lat' dir='ltr'><strong>iu</strong></span> <span class='ocrx_word' id='word_1_61' title='bbox 1165 1125 1239 1201; x_wconf 82' lang='lat' dir='ltr'><strong>alta,</strong></span> <span class='ocrx_word' id='word_1_62' title='bbox 1438 1132 1439 1139; x_wconf 77' lang='grc'>’</span> 
     </span>
     <span class='ocr_line' id='line_1_11' title="bbox 378 1228 1159 1314; baseline -0.015 -16"><span class='ocrx_word' id='word_1_63' title='bbox 378 1233 439 1298; x_wconf 87' lang='lat' dir='ltr'><strong>Per</strong></span> <span class='ocrx_word' id='word_1_64' title='bbox 460 1232 574 1314; x_wconf 84' lang='lat' dir='ltr'><strong>Libyae</strong></span> <span class='ocrx_word' id='word_1_65' title='bbox 596 1231 705 1308; x_wconf 82' lang='lat' dir='ltr'><strong>saltus,</strong></span> <span class='ocrx_word' id='word_1_66' title='bbox 727 1232 786 1290; x_wconf 89' lang='lat' dir='ltr'><strong>nisi</strong></span> <span class='ocrx_word' id='word_1_67' title='bbox 804 1229 921 1291; x_wconf 88' lang='lat' dir='ltr'><strong>nobilis</strong></span> <span class='ocrx_word' id='word_1_68' title='bbox 946 1231 996 1290; x_wconf 85' lang='lat' dir='ltr'><strong>ira</strong></span> <span class='ocrx_word' id='word_1_69' title='bbox 1018 1228 1159 1300; x_wconf 84' lang='lat' dir='ltr'><strong>lacessat,</strong></span> 
     </span>
     <span class='ocr_line' id='line_1_12' title="bbox 380 1326 1439 1404; baseline -0.008 -10"><span class='ocrx_word' id='word_1_70' title='bbox 380 1334 449 1394; x_wconf 88' lang='lat' dir='ltr'><strong>Non</strong></span> <span class='ocrx_word' id='word_1_71' title='bbox 472 1340 573 1391; x_wconf 88' lang='lat' dir='ltr'><strong>movet</strong></span> <span class='ocrx_word' id='word_1_72' title='bbox 593 1352 695 1404; x_wconf 85' lang='lat' dir='ltr'><strong>arma,</strong></span> <span class='ocrx_word' id='word_1_73' title='bbox 719 1348 789 1391; x_wconf 83' lang='lat' dir='ltr'><strong>suas</strong></span> <span class='ocrx_word' id='word_1_74' title='bbox 807 1331 950 1391; x_wconf 88' lang='lat' dir='ltr'><strong>stimulat</strong></span> <span class='ocrx_word' id='word_1_75' title='bbox 962 1351 1022 1390; x_wconf 89' lang='lat' dir='ltr'><strong>nec</strong></span> <span class='ocrx_word' id='word_1_76' title='bbox 1043 1329 1168 1389; x_wconf 85' lang='lat' dir='ltr'><strong>verbere</strong></span> <span class='ocrx_word' id='word_1_77' title='bbox 1185 1326 1269 1400; x_wconf 63' lang='lat' dir='ltr'><strong>vilest</strong></span> <span class='ocrx_word' id='word_1_78' title='bbox 1438 1330 1439 1403; x_wconf 76' lang='lat' dir='ltr'><strong>l</strong></span> 
     </span>
     <span class='ocr_line' id='line_1_13' title="bbox 380 1408 1439 1506; baseline -0.004 -16"><span class='ocrx_word' id='word_1_79' title='bbox 380 1431 423 1491; x_wconf 81' lang='lat' dir='ltr'><strong>At</strong></span> <span class='ocrx_word' id='word_1_80' title='bbox 440 1431 465 1490; x_wconf 90' lang='lat' dir='ltr'><strong>si</strong></span> <span class='ocrx_word' id='word_1_81' title='bbox 477 1440 665 1490; x_wconf 81' lang='lat' dir='ltr'><strong>commovent</strong></span> <span class='ocrx_word' id='word_1_82' title='bbox 684 1428 820 1506; x_wconf 78' lang='lat' dir='ltr'><strong>clamor,</strong></span> <span class='ocrx_word' id='word_1_83' title='bbox 843 1431 868 1490; x_wconf 84' lang='lat' dir='ltr'><strong>si</strong></span> <span class='ocrx_word' id='word_1_84' title='bbox 891 1428 993 1490; x_wconf 86' lang='lat' dir='ltr'><strong>turba</strong></span> <span class='ocrx_word' id='word_1_85' title='bbox 1012 1447 1167 1503; x_wconf 84' lang='lat' dir='ltr'><strong>coronae,</strong></span> <span class='ocrx_word' id='word_1_86' title='bbox 1368 1435 1393 1495; x_wconf 74' lang='lat'><strong>7⁰</strong></span> <span class='ocrx_word' id='word_1_87' title='bbox 1438 1408 1439 1471; x_wconf 73' lang='lat' dir='ltr'><strong>l</strong></span> 
     </span>
     <span class='ocr_line' id='line_1_14' title="bbox 381 1527 1222 1610; baseline -0.007 -20"><span class='ocrx_word' id='word_1_88' title='bbox 381 1528 519 1590; x_wconf 86' lang='lat' dir='ltr'><strong>lulremit</strong></span> <span class='ocrx_word' id='word_1_89' title='bbox 535 1529 742 1610; x_wconf 82' lang='lat' dir='ltr'><strong>horrendum3</strong></span> <span class='ocrx_word' id='word_1_90' title='bbox 763 1528 855 1590; x_wconf 88' lang='lat' dir='ltr'><strong>simul</strong></span> <span class='ocrx_word' id='word_1_91' title='bbox 877 1541 909 1590; x_wconf 87' lang='lat' dir='ltr'><strong>et</strong></span> <span class='ocrx_word' id='word_1_92' title='bbox 929 1529 1081 1592; x_wconf 86' lang='lat' dir='ltr'><strong>distendit</strong></span> <span class='ocrx_word' id='word_1_93' title='bbox 1093 1527 1191 1587; x_wconf 80' lang='lat' dir='ltr'><strong>bintus</strong></span> <span class='ocrx_word' id='word_1_94' title='bbox 1218 1544 1222 1559; x_wconf 87' lang='lat'><strong>·</strong></span> 
     </span>
     <span class='ocr_line' id='line_1_15' title="bbox 381 1626 1286 1710; baseline 0.002 -20"><span class='ocrx_word' id='word_1_95' title='bbox 381 1629 557 1710; x_wconf 82' lang='lat' dir='ltr'><strong>Sanguineis</strong></span> <span class='ocrx_word' id='word_1_96' title='bbox 573 1641 717 1710; x_wconf 85' lang='lat' dir='ltr'><strong>torquens</strong></span> <span class='ocrx_word' id='word_1_97' title='bbox 729 1628 867 1690; x_wconf 85' lang='lat' dir='ltr'><strong>ardentia</strong></span> <span class='ocrx_word' id='word_1_98' title='bbox 888 1628 1014 1691; x_wconf 87' lang='lat' dir='ltr'><strong>lumina</strong></span> <span class='ocrx_word' id='word_1_99' title='bbox 1032 1626 1179 1701; x_wconf 79' lang='lat' dir='ltr'><strong>flammis,</strong></span> <span class='ocrx_word' id='word_1_100' title='bbox 1282 1685 1286 1692; x_wconf 84' lang='grc'><em>,</em></span> 
     </span>
     <span class='ocr_line' id='line_1_16' title="bbox 380 1727 1238 1812; baseline -0.009 -22"><span class='ocrx_word' id='word_1_101' title='bbox 380 1728 424 1790; x_wconf 82' lang='lat' dir='ltr'><strong>Et</strong></span> <span class='ocrx_word' id='word_1_102' title='bbox 445 1730 508 1788; x_wconf 89' lang='lat' dir='ltr'><strong>ruit</strong></span> <span class='ocrx_word' id='word_1_103' title='bbox 527 1730 559 1788; x_wconf 93' lang='lat' dir='ltr'><strong>in</strong></span> <span class='ocrx_word' id='word_1_104' title='bbox 579 1729 729 1804; x_wconf 87' lang='lat' dir='ltr'><strong>medium,</strong></span> <span class='ocrx_word' id='word_1_105' title='bbox 754 1741 951 1812; x_wconf 83' lang='lat' dir='ltr'><strong>prosternens</strong></span> <span class='ocrx_word' id='word_1_106' title='bbox 973 1749 1062 1788; x_wconf 84' lang='lat' dir='ltr'><strong>arma</strong></span> <span class='ocrx_word' id='word_1_107' title='bbox 1082 1727 1238 1805; x_wconf 80' lang='lat' dir='ltr'><strong>virosque3</strong></span> 
     </span>
     <span class='ocr_line' id='line_1_17' title="bbox 382 1827 1201 1910; baseline -0.006 -22"><span class='ocrx_word' id='word_1_108' title='bbox 382 1829 447 1888; x_wconf 84' lang='lat' dir='ltr'><strong>Nec</strong></span> <span class='ocrx_word' id='word_1_109' title='bbox 468 1831 514 1888; x_wconf 89' lang='lat' dir='ltr'><strong>vis</strong></span> <span class='ocrx_word' id='word_1_110' title='bbox 535 1827 597 1888; x_wconf 84' lang='lat' dir='ltr'><strong>ulla</strong></span> <span class='ocrx_word' id='word_1_111' title='bbox 617 1839 715 1910; x_wconf 90' lang='lat' dir='ltr'><strong>potest</strong></span> <span class='ocrx_word' id='word_1_112' title='bbox 738 1831 871 1890; x_wconf 85' lang='lat' dir='ltr'><strong>venienti</strong></span> <span class='ocrx_word' id='word_1_113' title='bbox 902 1829 1058 1890; x_wconf 81' lang='lat' dir='ltr'><strong>obsistere</strong></span> <span class='ocrx_word' id='word_1_114' title='bbox 1078 1835 1201 1896; x_wconf 77' lang='lat' dir='ltr'><strong>conua3</strong></span> 
     </span>
     <span class='ocr_line' id='line_1_18' title="bbox 383 1923 1222 2010; baseline 0.006 -24"><span class='ocrx_word' id='word_1_115' title='bbox 383 1927 517 2009; x_wconf 85' lang='lat' dir='ltr'><strong>Impetus</strong></span> <span class='ocrx_word' id='word_1_116' title='bbox 536 1927 591 1988; x_wconf 89' lang='lat' dir='ltr'><strong>hos</strong></span> <span class='ocrx_word' id='word_1_117' title='bbox 615 1927 746 2010; x_wconf 81' lang='lat' dir='ltr'><strong>frangit,</strong></span> <span class='ocrx_word' id='word_1_118' title='bbox 767 1927 870 2010; x_wconf 89' lang='lat' dir='ltr'><strong>pulsos</strong></span> <span class='ocrx_word' id='word_1_119' title='bbox 892 1929 952 1990; x_wconf 81' lang='lat' dir='ltr'><strong>bos</strong></span> <span class='ocrx_word' id='word_1_120' title='bbox 972 1927 1080 1987; x_wconf 87' lang='lat' dir='ltr'><strong>emetit</strong></span> <span class='ocrx_word' id='word_1_121' title='bbox 1101 1923 1222 2005; x_wconf 59' lang='lat' dir='ltr'><strong>unguis,</strong></span> 
     </span>
     <span class='ocr_line' id='line_1_19' title="bbox 327 2024 1138 2098; baseline -0.004 -11"><span class='ocrx_word' id='word_1_122' title='bbox 327 2025 333 2034; x_wconf 81' lang='grc'><em>“</em></span> <span class='ocrx_word' id='word_1_123' title='bbox 384 2026 462 2087; x_wconf 80' lang='lat' dir='ltr'><strong>Pars</strong></span> <span class='ocrx_word' id='word_1_124' title='bbox 484 2024 613 2088; x_wconf 82' lang='lat' dir='ltr'><strong>lacerata</strong></span> <span class='ocrx_word' id='word_1_125' title='bbox 633 2030 731 2089; x_wconf 82' lang='lat' dir='ltr'><strong>iacent</strong></span> <span class='ocrx_word' id='word_1_126' title='bbox 745 2028 859 2088; x_wconf 87' lang='lat' dir='ltr'><strong>inimici</strong></span> <span class='ocrx_word' id='word_1_127' title='bbox 884 2027 1034 2088; x_wconf 77' lang='lat' dir='ltr'><strong>dentibus</strong></span> <span class='ocrx_word' id='word_1_128' title='bbox 1054 2025 1138 2098; x_wconf 85' lang='lat' dir='ltr'><strong>oris;</strong></span> 
     </span>
     <span class='ocr_line' id='line_1_20' title="bbox 385 2120 1184 2210; baseline -0.009 -24"><span class='ocrx_word' id='word_1_129' title='bbox 385 2124 451 2186; x_wconf 86' lang='lat' dir='ltr'><strong>Hos</strong></span> <span class='ocrx_word' id='word_1_130' title='bbox 473 2137 570 2188; x_wconf 89' lang='lat' dir='ltr'><strong>metus</strong></span> <span class='ocrx_word' id='word_1_131' title='bbox 587 2129 735 2187; x_wconf 86' lang='lat' dir='ltr'><strong>exanimat</strong></span> <span class='ocrx_word' id='word_1_132' title='bbox 749 2139 909 2210; x_wconf 77' lang='lat' dir='ltr'><strong>pereuntes</strong></span> <span class='ocrx_word' id='word_1_133' title='bbox 930 2125 1064 2188; x_wconf 88' lang='lat' dir='ltr'><strong>vnlnere</strong></span> <span class='ocrx_word' id='word_1_134' title='bbox 1081 2120 1184 2183; x_wconf 86' lang='lat' dir='ltr'><strong>nullo:</strong></span> 
     </span>
     <span class='ocr_line' id='line_1_21' title="bbox 385 2223 1167 2310; baseline 0 -27"><span class='ocrx_word' id='word_1_135' title='bbox 385 2223 510 2284; x_wconf 83' lang='lat' dir='ltr'><strong>Viribus</strong></span> <span class='ocrx_word' id='word_1_136' title='bbox 527 2225 682 2306; x_wconf 84' lang='lat' dir='ltr'><strong>Augustus</strong></span> <span class='ocrx_word' id='word_1_137' title='bbox 701 2226 743 2287; x_wconf 89' lang='lat' dir='ltr'><strong>sic</strong></span> <span class='ocrx_word' id='word_1_138' title='bbox 760 2247 865 2288; x_wconf 87' lang='lat' dir='ltr'><strong>saevos</strong></span> <span class='ocrx_word' id='word_1_139' title='bbox 884 2227 1021 2310; x_wconf 87' lang='lat' dir='ltr'><strong>perculit</strong></span> <span class='ocrx_word' id='word_1_140' title='bbox 1042 2225 1167 2297; x_wconf 81' lang='lat' dir='ltr'><strong>hostes,</strong></span> 
     </span>
     <span class='ocr_line' id='line_1_22' title="bbox 384 2323 1171 2388; baseline -0.005 -4"><span class='ocrx_word' id='word_1_141' title='bbox 384 2323 445 2384; x_wconf 88' lang='lat' dir='ltr'><strong>Per</strong></span> <span class='ocrx_word' id='word_1_142' title='bbox 466 2323 566 2384; x_wconf 86' lang='lat' dir='ltr'><strong>varios</strong></span> <span class='ocrx_word' id='word_1_143' title='bbox 584 2334 719 2386; x_wconf 84' lang='lat' dir='ltr'><strong>sternens</strong></span> <span class='ocrx_word' id='word_1_144' title='bbox 734 2347 822 2387; x_wconf 87' lang='lat' dir='ltr'><strong>casus</strong></span> <span class='ocrx_word' id='word_1_145' title='bbox 840 2347 901 2386; x_wconf 88' lang='lat' dir='ltr'><strong>non</strong></span> <span class='ocrx_word' id='word_1_146' title='bbox 920 2326 1019 2388; x_wconf 81' lang='lat' dir='ltr'><strong>funda</strong></span> <span class='ocrx_word' id='word_1_147' title='bbox 1032 2325 1171 2384; x_wconf 78' lang='lat' dir='ltr'><strong>fluentes.</strong></span> 
     </span>
     <span class='ocr_line' id='line_1_23' title="bbox 386 2421 1217 2511; baseline 0.011 -31"><span class='ocrx_word' id='word_1_148' title='bbox 386 2421 511 2480; x_wconf 81' lang='lat' dir='ltr'><strong>Graecia</strong></span> <span class='ocrx_word' id='word_1_149' title='bbox 533 2422 593 2482; x_wconf 83' lang='lat' dir='ltr'><strong>iam</strong></span> <span class='ocrx_word' id='word_1_150' title='bbox 608 2433 706 2511; x_wconf 77' lang='lat' dir='ltr'><strong>taceat</strong></span> <span class='ocrx_word' id='word_1_151' title='bbox 720 2425 834 2485; x_wconf 81' lang='lat' dir='ltr'><strong>iactans</strong></span> <span class='ocrx_word' id='word_1_152' title='bbox 852 2425 929 2486; x_wconf 89' lang='lat' dir='ltr'><strong>mihi</strong></span> <span class='ocrx_word' id='word_1_153' title='bbox 947 2423 1217 2504; x_wconf 64' lang='lat' dir='ltr'><strong>Bellerophonten,</strong></span> 
     </span>
     <span class='ocr_line' id='line_1_24' title="bbox 385 2519 1183 2602; baseline 0.005 -24"><span class='ocrx_word' id='word_1_154' title='bbox 385 2520 447 2596; x_wconf 87' lang='lat' dir='ltr'><strong>Qui</strong></span> <span class='ocrx_word' id='word_1_155' title='bbox 460 2521 533 2579; x_wconf 91' lang='lat' dir='ltr'><strong>vicit</strong></span> <span class='ocrx_word' id='word_1_156' title='bbox 555 2519 707 2602; x_wconf 86' lang='lat' dir='ltr'><strong>Solymos,</strong></span> <span class='ocrx_word' id='word_1_157' title='bbox 728 2533 763 2582; x_wconf 92' lang='lat' dir='ltr'><strong>ut</strong></span> <span class='ocrx_word' id='word_1_158' title='bbox 786 2545 890 2584; x_wconf 86' lang='lat' dir='ltr'><strong>rursus</strong></span> <span class='ocrx_word' id='word_1_159' title='bbox 914 2525 1000 2586; x_wconf 89' lang='lat' dir='ltr'><strong>bella</strong></span> <span class='ocrx_word' id='word_1_160' title='bbox 1018 2528 1183 2585; x_wconf 79' lang='lat' dir='ltr'><strong>moverent·</strong></span> 
     </span>
     <span class='ocr_line' id='line_1_25' title="bbox 384 2618 1182 2686; baseline 0.001 -6"><span class='ocrx_word' id='word_1_161' title='bbox 384 2618 429 2680; x_wconf 83' lang='lat' dir='ltr'><strong>At</strong></span> <span class='ocrx_word' id='word_1_162' title='bbox 448 2618 539 2678; x_wconf 85' lang='lat' dir='ltr'><strong>semel</strong></span> <span class='ocrx_word' id='word_1_163' title='bbox 559 2620 615 2680; x_wconf 91' lang='lat' dir='ltr'><strong>bos</strong></span> <span class='ocrx_word' id='word_1_164' title='bbox 635 2620 778 2682; x_wconf 87' lang='lat' dir='ltr'><strong>domiuus</strong></span> <span class='ocrx_word' id='word_1_165' title='bbox 802 2634 907 2684; x_wconf 89' lang='lat' dir='ltr'><strong>noster</strong></span> <span class='ocrx_word' id='word_1_166' title='bbox 930 2623 1077 2686; x_wconf 86' lang='lat' dir='ltr'><strong>felicibus</strong></span> <span class='ocrx_word' id='word_1_167' title='bbox 1097 2619 1182 2681; x_wconf 79' lang='lat' dir='ltr'><strong>armis</strong></span> 
     </span>
     <span class='ocr_line' id='line_1_26' title="bbox 386 2715 1212 2804; baseline 0.005 -26"><span class='ocrx_word' id='word_1_168' title='bbox 386 2717 436 2778; x_wconf 91' lang='lat' dir='ltr'><strong>Sic</strong></span> <span class='ocrx_word' id='word_1_169' title='bbox 452 2719 591 2796; x_wconf 90' lang='lat' dir='ltr'><strong>domuit,</strong></span> <span class='ocrx_word' id='word_1_170' title='bbox 616 2731 682 2801; x_wconf 88' lang='lat' dir='ltr'><strong>post</strong></span> <span class='ocrx_word' id='word_1_171' title='bbox 702 2721 778 2782; x_wconf 86' lang='lat' dir='ltr'><strong>haec</strong></span> <span class='ocrx_word' id='word_1_172' title='bbox 800 2743 840 2782; x_wconf 89' lang='lat' dir='ltr'><strong>ne</strong></span> <span class='ocrx_word' id='word_1_173' title='bbox 859 2725 976 2804; x_wconf 89' lang='lat' dir='ltr'><strong>possint</strong></span> <span class='ocrx_word' id='word_1_174' title='bbox 990 2745 1057 2785; x_wconf 88' lang='lat' dir='ltr'><strong>esse</strong></span> <span class='ocrx_word' id='word_1_175' title='bbox 1073 2715 1212 2792; x_wconf 41' lang='lat' dir='ltr'><strong>rebelle&amp;</strong></span> 
     </span>
     <span class='ocr_line' id='line_1_27' title="bbox 297 2818 1144 2905; baseline 0.002 -28"><span class='ocrx_word' id='word_1_176' title='bbox 297 2871 299 2877; x_wconf 28' lang='lat' dir='ltr'><strong><em>s</em></strong></span> <span class='ocrx_word' id='word_1_177' title='bbox 388 2819 479 2898; x_wconf 89' lang='lat' dir='ltr'><strong>Quod</strong></span> <span class='ocrx_word' id='word_1_178' title='bbox 494 2840 550 2880; x_wconf 90' lang='lat' dir='ltr'><strong>nec</strong></span> <span class='ocrx_word' id='word_1_179' title='bbox 565 2818 726 2881; x_wconf 86' lang='lat' dir='ltr'><strong>ductorum</strong></span> <span class='ocrx_word' id='word_1_180' title='bbox 741 2821 887 2884; x_wconf 85' lang='lat' dir='ltr'><strong>Servilius</strong></span> <span class='ocrx_word' id='word_1_181' title='bbox 902 2827 1039 2905; x_wconf 90' lang='lat' dir='ltr'><strong>optimus</strong></span> <span class='ocrx_word' id='word_1_182' title='bbox 1054 2820 1144 2892; x_wconf 87' lang='lat' dir='ltr'><strong>olim,</strong></span> 
     </span>
     <span class='ocr_line' id='line_1_28' title="bbox 387 2916 1162 2982; baseline -0.003 -5"><span class='ocrx_word' id='word_1_183' title='bbox 387 2918 450 2978; x_wconf 86' lang='lat' dir='ltr'><strong>Pro</strong></span> <span class='ocrx_word' id='word_1_184' title='bbox 471 2919 580 2978; x_wconf 85' lang='lat' dir='ltr'><strong>merito</strong></span> <span class='ocrx_word' id='word_1_185' title='bbox 595 2917 720 2980; x_wconf 82' lang='lat' dir='ltr'><strong>laudum</strong></span> <span class='ocrx_word' id='word_1_186' title='bbox 741 2923 791 2980; x_wconf 88' lang='lat' dir='ltr'><strong>cui</strong></span> <span class='ocrx_word' id='word_1_187' title='bbox 811 2943 921 2982; x_wconf 90' lang='lat' dir='ltr'><strong>nomen</strong></span> <span class='ocrx_word' id='word_1_188' title='bbox 941 2923 1096 2982; x_wconf 71' lang='lat' dir='ltr'><strong>hanricus</strong></span> <span class='ocrx_word' id='word_1_189' title='bbox 1111 2916 1162 2977; x_wconf 92' lang='lat' dir='ltr'><strong>illo</strong></span> 
     </span>
     <span class='ocr_line' id='line_1_29' title="bbox 388 3015 1189 3103; baseline -0.002 -25"><span class='ocrx_word' id='word_1_190' title='bbox 388 3019 488 3078; x_wconf 82' lang='lat' dir='ltr'><strong>Marte</strong></span> <span class='ocrx_word' id='word_1_191' title='bbox 505 3017 610 3077; x_wconf 76' lang='lat' dir='ltr'><strong>danim</strong></span> <span class='ocrx_word' id='word_1_192' title='bbox 634 3018 751 3098; x_wconf 85' lang='lat' dir='ltr'><strong>fuerat,</strong></span> <span class='ocrx_word' id='word_1_193' title='bbox 773 3022 874 3102; x_wconf 89' lang='lat' dir='ltr'><strong>potuit</strong></span> <span class='ocrx_word' id='word_1_194' title='bbox 890 3033 1045 3103; x_wconf 79' lang='lat' dir='ltr'><strong>praestare</strong></span> <span class='ocrx_word' id='word_1_195' title='bbox 1071 3015 1189 3080; x_wconf 82' lang='lat' dir='ltr'><strong>Latinis.</strong></span> 
     </span>
     <span class='ocr_line' id='line_1_30' title="bbox 472 3107 1341 3206; baseline 0.009 -31"><span class='ocrx_word' id='word_1_196' title='bbox 472 3115 639 3206; x_wconf 77' lang='lat' dir='ltr'><strong>Non=illos</strong></span> <span class='ocrx_word' id='word_1_197' title='bbox 655 3139 788 3197; x_wconf 87' lang='lat' dir='ltr'><strong>aurum,</strong></span> <span class='ocrx_word' id='word_1_198' title='bbox 810 3141 875 3180; x_wconf 91' lang='lat' dir='ltr'><strong>non</strong></span> <span class='ocrx_word' id='word_1_199' title='bbox 894 3107 961 3197; x_wconf 81' lang='lat' dir='ltr'><strong>vis,</strong></span> <span class='ocrx_word' id='word_1_200' title='bbox 979 3141 1046 3180; x_wconf 92' lang='lat' dir='ltr'><strong>non</strong></span> <span class='ocrx_word' id='word_1_201' title='bbox 1067 3116 1149 3197; x_wconf 85' lang='lat' dir='ltr'><strong>copia</strong></span> <span class='ocrx_word' id='word_1_202' title='bbox 1173 3107 1254 3182; x_wconf 67' lang='lat' dir='ltr'><strong>feni,</strong></span> <span class='ocrx_word' id='word_1_203' title='bbox 1335 3185 1341 3198; x_wconf 66' lang='grc'><strong>,</strong></span> 
     </span>
     <span class='ocr_line' id='line_1_31' title="bbox 390 3214 1162 3301; baseline -0.003 -25"><span class='ocrx_word' id='word_1_204' title='bbox 390 3214 454 3276; x_wconf 89' lang='lat' dir='ltr'><strong>Nec</strong></span> <span class='ocrx_word' id='word_1_205' title='bbox 475 3215 597 3276; x_wconf 83' lang='lat' dir='ltr'><strong>castella</strong></span> <span class='ocrx_word' id='word_1_206' title='bbox 616 3217 739 3298; x_wconf 86' lang='lat' dir='ltr'><strong>quidem</strong></span> <span class='ocrx_word' id='word_1_207' title='bbox 760 3221 930 3301; x_wconf 86' lang='lat' dir='ltr'><strong>praeruptis</strong></span> <span class='ocrx_word' id='word_1_208' title='bbox 952 3221 1050 3281; x_wconf 85' lang='lat' dir='ltr'><strong>ardua</strong></span> <span class='ocrx_word' id='word_1_209' title='bbox 1067 3217 1162 3291; x_wconf 82' lang='lat' dir='ltr'><strong>saxis,</strong></span> 
     </span>
     <span class='ocr_line' id='line_1_32' title="bbox 390 3309 1155 3390; baseline -0.001 -14"><span class='ocrx_word' id='word_1_210' title='bbox 390 3314 456 3376; x_wconf 88' lang='lat' dir='ltr'><strong>Nec</strong></span> <span class='ocrx_word' id='word_1_211' title='bbox 472 3325 573 3376; x_wconf 80' lang='lat' dir='ltr'><strong>tantae</strong></span> <span class='ocrx_word' id='word_1_212' title='bbox 588 3315 697 3378; x_wconf 86' lang='lat' dir='ltr'><strong>validis</strong></span> <span class='ocrx_word' id='word_1_213' title='bbox 715 3319 851 3379; x_wconf 88' lang='lat' dir='ltr'><strong>munitae</strong></span> <span class='ocrx_word' id='word_1_214' title='bbox 871 3321 1030 3382; x_wconf 89' lang='lat' dir='ltr'><strong>moenibus</strong></span> <span class='ocrx_word' id='word_1_215' title='bbox 1049 3309 1155 3390; x_wconf 80' lang='lat' dir='ltr'><strong>urbes,</strong></span> 
     </span>
     <span class='ocr_line' id='line_1_33' title="bbox 390 3413 1120 3502; baseline -0.001 -26"><span class='ocrx_word' id='word_1_216' title='bbox 390 3415 528 3493; x_wconf 86' lang='lat' dir='ltr'><strong>Quantas</strong></span> <span class='ocrx_word' id='word_1_217' title='bbox 545 3437 605 3476; x_wconf 90' lang='lat' dir='ltr'><strong>non</strong></span> <span class='ocrx_word' id='word_1_218' title='bbox 621 3413 702 3476; x_wconf 87' lang='lat' dir='ltr'><strong>ullus</strong></span> <span class='ocrx_word' id='word_1_219' title='bbox 720 3419 872 3480; x_wconf 86' lang='lat' dir='ltr'><strong>victorum</strong></span> <span class='ocrx_word' id='word_1_220' title='bbox 891 3431 1011 3502; x_wconf 83' lang='lat' dir='ltr'><strong>ceperat</strong></span> <span class='ocrx_word' id='word_1_221' title='bbox 1030 3428 1120 3489; x_wconf 83' lang='lat' dir='ltr'><strong>ante,</strong></span> 
     </span>
     <span class='ocr_line' id='line_1_34' title="bbox 387 3513 1053 3601; baseline 0.003 -25"><span class='ocrx_word' id='word_1_222' title='bbox 387 3513 494 3576; x_wconf 85' lang='lat' dir='ltr'><strong>Exitiis</strong></span> <span class='ocrx_word' id='word_1_223' title='bbox 512 3517 634 3597; x_wconf 83' lang='lat' dir='ltr'><strong>rapiunt</strong></span> <span class='ocrx_word' id='word_1_224' title='bbox 655 3516 754 3600; x_wconf 82' lang='lat' dir='ltr'><strong>dignis</strong></span> <span class='ocrx_word' id='word_1_225' title='bbox 781 3529 812 3578; x_wconf 88' lang='lat' dir='ltr'><strong>et</strong></span> <span class='ocrx_word' id='word_1_226' title='bbox 828 3522 972 3601; x_wconf 85' lang='lat' dir='ltr'><strong>principis</strong></span> <span class='ocrx_word' id='word_1_227' title='bbox 996 3524 1053 3580; x_wconf 86' lang='lat' dir='ltr'><strong>ira.</strong></span> 
     </span>
     <span class='ocr_line' id='line_1_35' title="bbox 387 3611 1146 3694; baseline 0.012 -20"><span class='ocrx_word' id='word_1_228' title='bbox 387 3611 430 3674; x_wconf 85' lang='lat' dir='ltr'><strong>Et</strong></span> <span class='ocrx_word' id='word_1_229' title='bbox 449 3615 503 3692; x_wconf 87' lang='lat' dir='ltr'><strong>qui</strong></span> <span class='ocrx_word' id='word_1_230' title='bbox 523 3635 578 3694; x_wconf 89' lang='lat' dir='ltr'><strong>spe</strong></span> <span class='ocrx_word' id='word_1_231' title='bbox 599 3615 680 3676; x_wconf 80' lang='lat' dir='ltr'><strong>llum</strong></span> <span class='ocrx_word' id='word_1_232' title='bbox 701 3616 837 3678; x_wconf 78' lang='lat' dir='ltr'><strong>frustrati</strong></span> <span class='ocrx_word' id='word_1_233' title='bbox 859 3631 966 3680; x_wconf 79' lang='lat' dir='ltr'><strong>cuncta</strong></span> <span class='ocrx_word' id='word_1_234' title='bbox 983 3618 1146 3683; x_wconf 79' lang='lat' dir='ltr'><strong>tenebant,</strong></span> 
     </span>
     <span class='ocr_line' id='line_1_36' title="bbox 390 3708 1144 3790; baseline 0 -17"><span class='ocrx_word' id='word_1_235' title='bbox 390 3708 445 3773; x_wconf 86' lang='lat' dir='ltr'><strong>Nil</strong></span> <span class='ocrx_word' id='word_1_236' title='bbox 466 3713 537 3772; x_wconf 89' lang='lat' dir='ltr'><strong>satis</strong></span> <span class='ocrx_word' id='word_1_237' title='bbox 555 3733 618 3774; x_wconf 92' lang='lat' dir='ltr'><strong>esse</strong></span> <span class='ocrx_word' id='word_1_238' title='bbox 638 3715 696 3775; x_wconf 90' lang='lat' dir='ltr'><strong>sibi</strong></span> <span class='ocrx_word' id='word_1_239' title='bbox 717 3716 872 3778; x_wconf 81' lang='lat' dir='ltr'><strong>credentes</strong></span> <span class='ocrx_word' id='word_1_240' title='bbox 895 3718 956 3779; x_wconf 81' lang='lat' dir='ltr'><strong>tela</strong></span> <span class='ocrx_word' id='word_1_241' title='bbox 975 3715 1144 3790; x_wconf 76' lang='lat' dir='ltr'><strong>movendo,</strong></span> 
     </span>
     <span class='ocr_line' id='line_1_37' title="bbox 390 3805 1103 3894; baseline 0.014 -26"><span class='ocrx_word' id='word_1_242' title='bbox 390 3805 538 3882; x_wconf 81' lang='lat' dir='ltr'><strong>Cautibus</strong></span> <span class='ocrx_word' id='word_1_243' title='bbox 553 3815 685 3894; x_wconf 82' lang='lat' dir='ltr'><strong>angustis</strong></span> <span class='ocrx_word' id='word_1_244' title='bbox 706 3816 841 3877; x_wconf 86' lang='lat' dir='ltr'><strong>conclusi</strong></span> <span class='ocrx_word' id='word_1_245' title='bbox 861 3818 922 3878; x_wconf 83' lang='lat' dir='ltr'><strong>sata</strong></span> <span class='ocrx_word' id='word_1_246' title='bbox 943 3818 1103 3879; x_wconf 78' lang='lat' dir='ltr'><strong>trahebant</strong></span> 
     </span>
     <span class='ocr_line' id='line_1_38' title="bbox 391 3905 1146 3990; baseline 0.007 -22"><span class='ocrx_word' id='word_1_247' title='bbox 391 3905 590 3990; x_wconf 80' lang='lat' dir='ltr'><strong>Peioremque</strong></span> <span class='ocrx_word' id='word_1_248' title='bbox 614 3911 723 3974; x_wconf 86' lang='lat' dir='ltr'><strong>samem</strong></span> <span class='ocrx_word' id='word_1_249' title='bbox 744 3915 859 3980; x_wconf 89' lang='lat' dir='ltr'><strong>crudeli</strong></span> <span class='ocrx_word' id='word_1_250' title='bbox 880 3930 978 3979; x_wconf 86' lang='lat' dir='ltr'><strong>morte</strong></span> <span class='ocrx_word' id='word_1_251' title='bbox 997 3915 1146 3987; x_wconf 75' lang='lat' dir='ltr'><strong>tulerunt,</strong></span> 
     </span>
     <span class='ocr_line' id='line_1_39' title="bbox 461 4010 1066 4101; baseline 0.005 -21"><span class='ocrx_word' id='word_1_252' title='bbox 461 4025 505 4092; x_wconf 77' lang='lat' dir='ltr'><strong>⁶l·</strong></span> <span class='ocrx_word' id='word_1_253' title='bbox 525 4025 716 4101; x_wconf 81' lang='lat' dir='ltr'><strong>Ducturesque</strong></span> <span class='ocrx_word' id='word_1_254' title='bbox 737 4030 795 4092; x_wconf 77' lang='lat' dir='ltr'><strong>end.</strong></span> <span class='ocrx_word' id='word_1_255' title='bbox 1061 4010 1066 4024; x_wconf 49' lang='lat'><em>¹</em></span> 
     </span>
    </p>
   </div>
   <div class='ocr_carea' id='block_1_3' title="bbox 0 0 1561 4892">
    <p class='ocr_par' dir='ltr' id='par_1_3' title="bbox 0 0 1561 4892">
     <span class='ocr_line' id='line_1_40' title="bbox 0 0 1561 4892; baseline 0 0"><span class='ocrx_word' id='word_1_256' title='bbox 0 0 1561 4892; x_wconf 95' lang='lat' dir='ltr'><strong> </strong></span> 
     </span>
    </p>
   </div>
  </div>
 </body>
</html>
