3050 4892
154 260 172 378 ξ
320 284 363 347 m
391 280 577 349 auocas
604 278 903 351 onrurronou.
1068 260 1151 378 57¹7

41 395 746 521 pmaanmssalgmueusmuaeasoeru.
790 440 872 503 llaec
896 438 972 523 ille,
1006 447 1151 527 qimand

48 526 189 579 namen
204 523 375 583 revocanda
395 536 483 585 erunt
501 524 562 585 alio
577 527 610 584 in
626 545 725 605 opere.

146 602 335 684 Pagras.
369 605 655 691 467,18.]laeontio
676 606 835 669 Plautiae
849 620 993 669 watore.
1037 610 1153 673 Mirum

49 682 194 763 quidde
216 708 289 748 cura
304 688 331 749 P
361 691 432 767 atii,
452 692 515 752 sive
536 690 575 751 de
599 688 697 751 officio
722 688 923 771 Curopnlatae
944 691 994 751 bic
1019 692 1050 751 in
1067 714 1152 755 men·

50 774 125 825 tem
151 770 270 831 venerit
289 772 466 855 luterpmti,
496 794 568 834 cum
590 769 859 857 sovpdropjdem
884 775 943 850 sit,
967 776 1020 855 qui
1040 796 1152 857 procu·

52 858 151 909 rator
172 862 204 911 et
221 852 457 933 administrator,
483 854 565 917 διοικ
604 848 660 935 ἦς,
674 846 841 935 κτημάτων
872 844 975 935 ἀρχὴν
1000 854 1152 939 εἰληχώς,

51 934 117 1013 qui
133 944 240 1013 postea
258 937 443 1017 λογοθὲτης,
470 948 522 999 aut
586 948 661 1014 tem,
679 948 803 998 auctore
824 936 986 1021 Hesychia,
1017 960 1074 1001 vox
1098 940 1152 1004 illa

52 1014 186 1096 τροφέα
215 1012 271 1078 καὶ
297 1013 511 1102 παιδοτρόφον
533 1042 753 1103 nonnunquam
776 1031 871 1081 sonet.
913 1020 1068 1103 Elpidiam
1089 1044 1164 1095 nu-¹

50 1097 171 1157 tricem
187 1098 340 1163 Placidiae
355 1124 459 1165 omues
478 1114 665 1185 agnoscunt:
687 1102 726 1164 de
738 1102 893 1185 Spadusa,
924 1102 1015 1165 suerit
1040 1127 1145 1181 necne,

55 1178 179 1262 ambigi
201 1194 311 1263 potest.
354 1186 440 1247 Hauc
459 1189 484 1247 si
499 1207 670 1269 expungas,
696 1184 786 1247 altam
810 1188 842 1247 in
868 1186 932 1247 eius
954 1186 1056 1249 locum
1073 1189 1182 1256 sub-P.
1205 1218 1256 1259 ros

55 1264 298 1407 stituilpostulat
318 1272 463 1329 orationis
484 1272 579 1435 ipsius
597 1278 763 1330 contextus.

176 1370 226 1429 ag.
243 1347 287 1429 14
302 1350 337 1410 B.
355 1350 445 1433 [lou
468 1374 496 1412 r.
532 1354 580 1412 De
603 1350 738 1413 Placidia
760 1351 1053 1433 Constantinopolim
1077 1375 1149 1419 cum

59 1424 126 1487 filio
145 1429 235 1511 pulsa
263 1454 299 1493 ac
329 1433 367 1495 de
388 1435 474 1495 obitu
495 1435 622 1496 Honorii
638 1434 715 1515 lmp.
734 1454 796 1495 non
810 1433 856 1510 6.,
880 1434 932 1495 sed
958 1434 1004 1497 18.
1024 1435 1149 1507 Calead.

58 1509 264 1592 Septembris,
285 1518 349 1577 sire
362 1515 408 1578 15.
421 1518 553 1599 Augusti
568 1520 638 1577 anni
658 1516 744 1594 Μ,
768 1514 981 1600 Asclepiodoto
1002 1528 1031 1578 et
1052 1522 1148 1581 Mari-

57 1594 156 1655 niauo
171 1596 271 1674 Cosa,
289 1601 399 1680 passim
411 1621 514 1661 omnes
539 1599 704 1681 loquuntur
721 1598 855 1674 histarici
882 1610 912 1661 et
934 1600 1148 1665 chronicorum

56 1672 270 1760 fastorumque
301 1684 482 1763 scriptores:
513 1682 769 1764 quemadmodum
801 1681 839 1742 de
865 1682 1038 1760 bonifacio,
1052 1682 1151 1765 ἀνδρὶ

56 1752 191 1857 ἦροοϊκῷ
201 1806 210 1836 ,
227 1773 258 1823 et
272 1762 310 1824 de
329 1764 442 1827 loanne
460 1777 608 1848 tyranno,
635 1766 748 1845 dequo
773 1774 893 1845 praeter
923 1764 1048 1827 Suidam
1071 1789 1145 1829 cou-

57 1840 181 1903 sulendr
208 1844 446 1929 Philostorgius,
476 1849 633 1927 Socrates,
668 1848 802 1908 chatus
834 1847 1032 1929 Frigeridus,
1055 1850 1147 1913 sozo-
1181 1861 1185 1869 '

58 1944 194 2003 menas,
216 1926 383 2011 Procopius
403 1928 524 2012 aliique.
902 1986 906 1991 .

147 2006 224 2090 Png.
253 2010 300 2071 15.
317 2010 454 2095 A.[469‚
479 2010 540 2093 rm]
569 2013 776 2073 Romanarum
805 2012 925 2073 aedium
953 2012 1147 2093 magnificen-

58 2092 155 2162 tiam,
171 2092 322 2153 Thermas
343 2094 500 2175 publicas,
520 2096 634 2156 civium
653 2116 725 2177 opes
743 2096 956 2175 moeniumque
975 2095 1059 2155 urbis
1079 2118 1144 2159 am-

57 2170 242 2255 plitudinem
259 2180 379 2259 copiose
399 2178 548 2259 explicant
568 2179 667 2238 Iustus
690 2178 827 2259 Lipsius,
854 2176 1023 2237 Alexander
1042 2178 1144 2240 Doun-

57 2266 111 2317 tus
134 2256 255 2341 aliique.
288 2260 337 2319 De
356 2260 466 2320 Probis
491 2280 577 2335 vero,
600 2258 749 2337 Olybriis,
775 2260 932 2336 Maximis,
958 2259 1147 2341 Symmachis

58 2340 229 2423 ceterisque
253 2341 399 2403 eiusmodi
425 2344 579 2410 Romanae
600 2342 686 2401 urbis
705 2342 880 2424 proceribus
903 2344 1017 2423 priscae
1039 2347 1146 2406 inscri-

57 2423 195 2504 ptiones,
217 2444 292 2506 quas
310 2446 428 2487 summa
445 2424 597 2507 diligentia
621 2445 718 2485 unum
742 2427 775 2485 iu
791 2446 900 2507 corpus
923 2426 1037 2507 redegit
1055 2427 1146 2491 lanus

58 2509 229 2586 Gruterus,
244 2504 334 2589 plura
352 2508 635 2584 subministrabunt3
659 2528 730 2568 cum
748 2510 918 2569 coaetaneis
934 2510 1145 2591 scriptoribus,
1242 2515 1246 2523 '

58 2587 220 2667 Ausonio,
247 2590 268 2650 S
290 2591 429 2652 mmacho
440 2637 451 2667 ,
471 2590 662 2667 Prudentio,
685 2589 869 2666 Claudiano,
896 2589 1027 2651 Paulino
1043 2604 1101 2653 etc.

143 2671 223 2769 ξας.
241 2695 252 2733 ι
278 2672 688 2757 .C.[470‚17.]Extrumas
702 2672 811 2733 Italiae
827 2694 906 2734 oras.
928 2674 1021 2751 Quid,
1043 2676 1067 2733 si
1084 2676 1146 2733 Hi-

57 2753 314 2919 ii'iiuifuiiiit
328 2754 1145 2919 ilidii&..iiludtisstldllttt

59 2940 154 2981 auum
170 2920 210 2980 ad
229 2921 360 2997 inlesos,
378 2921 437 2981 hoc
458 2931 523 2993 est,
548 2920 587 2981 ad
608 2919 799 3000 antipodas,
830 2920 998 2983 descensus.

143 3003 221 3083 Pag.
235 3002 283 3065 15.
301 3002 436 3087 C.[471‚
454 3000 500 3101 a]
516 3002 731 3063 Valentiniano
756 3002 910 3063 redditum
931 3000 1144 3065 Constantino·

103 3084 125 3145 li
142 3108 160 3145 a
172 3086 344 3147 Theodosio
358 3085 544 3147 Nobilissrmi
563 3084 705 3158 titulum,
732 3094 800 3145 tum
823 3083 1057 3145 Thessalonicae
1079 3084 1143 3145 col-

57 3106 152 3229 fftam
164 3169 297 3231 Caesaris
314 3168 492 3251 dignitatem
515 3190 609 3250 opera
631 3166 779 3247 Helionis,
800 3168 936 3250 magistri
961 3164 1142 3248 officiorum,

57 3262 186 3313 exeunte
207 3272 288 3312 anno
313 3252 386 3327 423.
409 3262 463 3311 aut
486 3253 638 3333 nequieritis
655 3252 759 3328 initio,
783 3272 845 3333 quo
871 3251 1011 3333 quintum
1035 3251 1143 3331 agebat

57 3354 186 3412 annum,
203 3334 537 3417 docetOlyrnpiodorus
548 3381 558 3412 ,
579 3336 628 3395 cui
647 3332 743 3395 ferme
768 3334 799 3395 iu
820 3332 960 3394 omnibus
981 3332 1143 3396 subscribit

55 3416 287 3500 Philostorgius.
321 3418 408 3495 Quae
422 3429 569 3499 praeeunt
579 3414 682 3494 verba,
698 3420 740 3477 sic
755 3414 865 3477 clarius
884 3426 1022 3499 poterant
1038 3416 1140 3479 reddit

54 3500 218 3560 Srsbmissm
236 3522 351 3586 qrsoque
376 3503 538 3576 suerrum,
574 3501 624 3559 asi
651 3513 814 3581 prueemnt
840 3503 987 3585 utrimque
1017 3499 1142 3561 militiae

54 3582 338 3656 droeAniabwr'm,
350 3582 441 3669 filius
459 3586 521 3643 eires
537 3580 640 3665 Aspar
648 3624 658 3656 ,
686 3596 714 3641 et
735 3582 950 3643 Condidimu-
996 3580 1141 3642 Ardabu·

55 3668 140 3727 rium
159 3678 280 3748 captum
308 3668 340 3726 in
360 3688 468 3727 manus
496 3665 617 3725 loannis
643 3665 766 3745 tyranni
794 3668 932 3739 venisse,
962 3664 1149 3746 priusquam

56 3748 168 3891 iiii’
182 3748 1140 3896 uullm’vtl’.¹tt{?ltt.⁰3¹mstltil¹⁶stilibi

56 3912 129 3975 libri
147 3936 176 3995 7.
200 3936 268 3997 cap.
281 3916 354 3991 23„
376 3914 429 3974 nbi
453 3914 492 3973 de
520 3913 663 3973 Ravenna
681 3912 776 3973 ductu
801 3912 911 3994 Angeli
931 3914 1059 3993 pastoris
1083 3914 1139 3973 ba·

56 3996 154 4057 bitum
177 3999 314 4058 ementiti
340 3997 381 4057 ab
403 3996 510 4057 eodem
532 3995 650 4075 Aspare
679 4006 767 4077 capta
792 3994 913 4077 longam
936 3996 1139 4057 narrationem

55 4081 265 4163 te1it‚quam
282 4080 441 4141 confirmat
456 4076 658 4160 Theophanes
676 4078 709 4137 in
729 4077 903 4153 Chronico,
930 4088 1022 4159 atque
1044 4098 1080 4137 ex
1102 4098 1138 4137 ao

57 4161 232 4225 Ananias
247 4162 498 4224 Bibliothecarius
521 4182 591 4245 pag.
610 4159 660 4227 56.
678 4160 819 4249 editionis
839 4161 958 4244 regiae,
980 4171 1010 4223 et
1024 4158 1138 4221 Paulus

93 4274 250 4350 Dexippus,
275 4276 425 4347 turspini
438 4288 489 4331 ete.
905 4276 938 4343 37
