3050 4892
291 268 373 355 362
728 291 937 361 menum

149 457 368 535 testamur,
400 448 443 528 δς
466 441 506 515 ἀν
533 447 589 515 ναι·
618 449 684 514 οἵδε
703 445 893 513 ἀπολαύοιεν
913 450 969 534 τῆς
988 444 1120 535 εδρηνης.
1162 447 1192 530 ι’,
1222 442 1303 516 dors
1322 449 1368 534 μὴ

144 528 282 657 ,Πὶἳὲἒέ
290 550 505 635 πολυπληθίαν
532 550 672 633 esperod
691 548 724 623 ές
740 548 776 612 τό
797 546 908 633 Δάρας
938 546 1117 629 ἐνιζάνειν,
1145 546 1228 633 πλὴν
1257 541 1316 633 όση
1334 571 1371 630 ys

288 650 415 735 ἀρκέσει
443 646 523 734 πρός
552 644 715 733 φυλακην·
731 648 791 710 τοῦ
827 638 946 723 ἄστεος.
985 644 1062 733 μήτε
1093 648 1130 713 δὲ
1158 644 1214 714 τόν
1242 651 1301 731 τῆς
1327 646 1370 712 ἕω

284 743 458 833 στρατηγόν
478 743 557 811 κιττοὶ
578 742 695 830 ταύτην
725 742 934 830 ἀνιδρῦσθαι,
960 749 1021 811 sori
1040 744 1086 832 μη
1108 746 1145 811 ἔτ
1170 748 1229 812 τοῦ
1247 748 1371 811 τοιοῦδε

285 842 459 931 έαιδρομάς
486 838 525 931 ἢ
536 844 656 928 βλάβας
684 841 829 927 γίνεσθαι
848 842 929 909 sarsi
950 847 1099 931 Περσῶν.
1140 848 1171 911 εἰ
1194 847 1231 909 δι’
1250 868 1285 930 γε
1305 839 1391 928 doci

284 965 316 1010 τι
341 946 480 1010 τοιοῦτον
507 946 725 1027 ξυνενεχθειή,
753 940 917 1029 ἔπαγιιόθη
943 941 998 1009 τόν
1020 937 1162 1029 ἄρχοντα
1180 947 1239 1010 τοῦ
1257 944 1371 1030 Λάρος

286 1044 468 1107 διατιθέναι
487 1038 523 1105 τό
544 1044 774 1127 τιλημμεληθέν.
813 1041 875 1123 μόα
893 1040 974 1127 πρός
993 1045 1032 1132 τῇ
1053 1044 1167 1131 δεκάτη
1190 1045 1254 1108 τῶν
1272 1067 1371 1109 σπον-

286 1142 352 1205 διαν
380 1144 566 1223 βεβαίωσις,
595 1134 695 1222 dore,
726 1140 757 1206 εἰ
784 1136 873 1219 πόλις
901 1138 1011 1227 ἑτέραν
1044 1140 1196 1226 ζημιοόσει
1219 1137 1309 1207 πόλιν
1345 1135 1370 1227 ἢ

287 1238 431 1306 ὁπωσοῦν
454 1240 636 1325 διαφθείρει
655 1264 686 1304 τι
703 1242 769 1304 τάν
786 1239 904 1324 αὐτῆς,
925 1239 971 1326 μή
991 1244 1036 1329 τῷ
1054 1238 1138 1329 νόμῳ
1155 1243 1211 1304 του”
1228 1242 1367 1322 πολέμου

252 1335 365 1423 Βμητε
393 1336 457 1421 μην
484 1334 619 1418 δυνόμει
645 1342 871 1427 στρατιωτικῇ,
908 1332 1011 1415 ἄλλως
1044 1341 1081 1405 δὲ
1116 1335 1193 1427 δόλῳ
1218 1341 1281 1403 τινὶ
1309 1336 1414 1403 roilo

285 1437 509 1524 κλοπῇ-εἰσί
534 1433 595 1523 γάρ
624 1436 739 1501 τοιοίδε
767 1440 851 1515 τινές
879 1430 1078 1524 ἀνοσιουργοί
1095 1435 1125 1503 οἱ
1144 1439 1245 1503 ταῦτα
1263 1434 1365 1523 πρόσ-

283 1559 411 1619 σοντες,
432 1534 476 1611 ὥς
495 1530 536 1600 ἀν
564 1538 701 1617 πολέμου
721 1532 822 1601 ἔσοιτο
841 1533 1028 1624 πρόφασις·
1046 1533 1226 1623 ἐβεβαιώθη
1245 1560 1369 1621 τοιγαρ.

284 1638 343 1701 οὖν
373 1632 415 1700 τό
435 1633 661 1720 τοιουτότροπα
690 1628 860 1721 ἀναζητεῖν
879 1638 914 1711 ἀς
932 1632 967 1700 τό
990 1631 1140 1721 ἀκριβὲς,
1160 1637 1217 1700 καὶ
1234 1636 1370 1719 ἐπανορ.

282 1736 425 1799 &tasas
444 1731 521 1810 τούς
541 1731 695 1811 δικαστὰς
713 1732 791 1811 τοός
810 1735 846 1800 δν
864 1744 931 1811 τοϊς
958 1738 1094 1819 πέρασιν
1113 1729 1261 1819 ἑκατέρας
1281 1738 1369 1797 πολι·

283 1840 370 1910 τείας
399 1832 596 1924 ἱδρυμένους.
636 1836 666 1901 εἰ
696 1835 733 1899 δέ
761 1858 798 1920 γε
827 1836 922 1899 edroi
944 1833 1002 1899 οάιι
1021 1830 1147 1900 ἔσονται
1165 1831 1269 1898 ἱκανοὶ
1289 1829 1413 1899 sisa-15

283 1936 422 2000 στέλλειν
437 1932 496 2010 τοὶς
513 1931 590 2018 πρός
611 1932 766 2019 ἀλλήλους
782 1937 845 2001 τάν
859 1932 1085 2018 ἀστυγειτόνων
1098 1931 1239 2021 φθορὰς,
1260 1931 1371 2017 ιἐστέρ-

281 2036 369 2119 χθη,
401 2028 564 2117 dosassis
585 2031 788 2099 διαδικασίαν
819 2034 1064 2116 ἀναπέμπεσθαι
1090 2032 1135 2108 ἀς
1163 2029 1221 2098 τόν
1250 2034 1306 2116 τῆς
1325 2034 1370 2097 ἕω

283 2130 473 2218 στρατηγόν,
498 2130 563 2212 σός,
593 2129 679 2215 εἴγε
700 2130 776 2198 εἴσω
802 2135 912 2216 μηνῶν
940 2135 974 2211 ἓξ
1002 2130 1046 2215 μὴ
1078 2134 1216 2216 τμηθειή
1247 2128 1288 2196 τὰ
1315 2134 1372 2213 τῆς

179 2293 183 2299 ,
281 2228 414 2314 ἀμιλλης
433 2231 488 2296 καί
509 2229 527 2296 ό
549 2230 718 2315 ζημιωθεὶς
738 2229 786 2317 μῆ
804 2230 942 2315 λήψεται
962 2229 999 2295 τό
1021 2224 1203 2314 ἀπολωλός,
1224 2228 1278 2294 τὸν
1297 2222 1371 2293 ἀδι-

197 2340 226 2403 Ρ.
236 2324 427 2412 ιλακόσαντα
442 2326 550 2393 λοιπόν
565 2330 621 2395 tut
638 2334 731 2416 ποινῇ
744 2333 777 2404 ἐς
792 2328 829 2395 τό
844 2325 1009 2395 διπλάσιον
1027 2330 1074 2417 τῷ
1091 2323 1266 2417 ἠδικημένῳ
1288 2320 1418 2393 straus

285 2426 478 2491 όπεάθυνον.
518 2425 579 2515 ἀς,
601 2424 635 2491 εἴ
656 2450 691 2509 γε
711 2430 795 2512 μηδὲ
815 2422 896 2493 οότω
916 2431 1016 2513 πέρας
1034 2427 1108 2509 ἕξοι,
1130 2425 1307 2510 διεταιιοόθη
1327 2426 1367 2489 τό

285 2528 403 2592 τιονοόν
422 2528 519 2612 μέρος
538 2524 709 2610 πρεσβείαν
729 2529 868 2592 στέλλειν
888 2526 931 2603 σός
951 2525 1008 2593 τόν
1027 2528 1162 2611 βασιλέα
1181 2528 1236 2592 τοῦ
1255 2525 1371 2609 η’δικη·

286 2620 385 2702 νότος.
420 2620 489 2689 εἶτα
509 2626 540 2689 εἰ
558 2626 641 2711 μηδὲ
660 2622 724 2689 ἀπὸ
745 2628 804 2691 τοῦ
822 2629 978 2710 βασιλέως
998 2624 1164 2713 γενήσεταί
1182 2626 1212 2692 oi
1231 2623 1267 2691 τό
1289 2625 1372 2690 ἀπο-

354 2762 391 2887 βυ
393 2756 500 2903 1ἑτέραν
516 2762 557 2827 tt,
574 2757 656 2833 ἑτέρα
673 2760 744 2833 sulp
811 2764 874 2835 'sp
894 2760 1078 2820 διαδικασίαν
1101 2762 1151 2830 Ε,
1178 2750 1228 2816 tui
1253 2761 1372 2826 δικαίαν

196 3018 197 3023 ,
288 2959 391 3015 diendo
410 2960 513 3032 oppido
532 2963 598 3015 satis
616 2962 667 3025 sit,
685 2961 1151 3032 conveniat,nequedu10rientis
1171 2963 1242 3015 eires
1259 2977 1292 3014 ea
1307 2962 1371 3015 tosa

288 3042 486 3096 commoretur,
502 3047 539 3084 ne
557 3034 625 3084 fiant
642 3031 707 3086 inde
728 3035 900 3085 excursiones
919 3035 949 3083 in
963 3032 1071 3097 Persas,
1090 3042 1118 3086 ct
1136 3032 1234 3087 demna
1250 3034 1308 3085 iilis
1326 3033 1372 3085 ia-

288 3102 419 3155 ieraatur.
456 3102 562 3173 Quodsi
581 3101 649 3175 quid
668 3104 723 3155 tale
741 3103 816 3155 conti
836 3103 907 3166 erit,
943 3111 1075 3156 statutum
1093 3110 1149 3166 est,
1167 3111 1199 3155 ut
1215 3104 1371 3172 praefectus

288 3172 374 3225 Daras
388 3172 485 3242 oppidi
498 3172 626 3226 damnum
646 3174 789 3243 rependat
807 3121 956 3223 dadosius
965 3173 1084 3225 foederis
1095 3174 1217 3227 conditio
1228 3172 1297 3227 haec
1311 3182 1372 3227 est:

288 3242 319 3295 Si
332 3261 386 3295 una
403 3244 497 3296 civitas
511 3244 591 3297 alteri
607 3242 772 3297 detrimento
786 3243 880 3305 fuerit,
892 3251 920 3295 et
936 3258 1101 3314 quocunque
1118 3243 1209 3305 modo,
1227 3260 1286 3293 non
1298 3244 1375 3313 iegi-

287 3314 357 3365 tirno
370 3312 457 3377 bello,
477 3328 568 3386 neque
584 3314 718 3365 exercitus
729 3316 767 3377 ri,
786 3313 907 3366 seudolo
925 3322 955 3365 et
975 3314 1145 3365 claudestina
1162 3314 1304 3366 invasione
1322 3316 1375 3366 ds·

287 3400 381 3435 sanum
392 3384 527 3446 intulerit,
537 3383 613 3455 (suut
622 3384 696 3435 enirn
708 3384 790 3436 multi
807 3383 932 3435 homines
951 3383 986 3435 ad
994 3383 1152 3436 huiusmodi
1169 3384 1291 3435 facinora
1309 3400 1376 3453 pes-

286 3454 419 3523 petranda
433 3454 578 3507 admodum
594 3453 737 3523 proclives,
749 3470 810 3576 pao
824 3454 892 3506 beili
911 3452 975 3504 inde
990 3454 1095 3508 occasio
1107 3454 1229 3523 oriatur,)
1238 3461 1372 3507 statutum

289 3532 347 3584 cst,
368 3524 447 3576 utin
465 3524 599 3577 eiusmodi
616 3524 733 3577 iniurias
769 3524 898 3594 iligenter
914 3522 1078 3594 inquiratur,
1096 3534 1124 3577 et
1140 3524 1254 3588 iudices,
1274 3526 1372 3594 quiin

288 3594 433 3663 utriusque
451 3596 527 3664 regni
547 3595 672 3647 confiniis
691 3596 744 3647 iuri
764 3594 885 3666 dicundo
909 3602 974 3644 sunt
1000 3594 1168 3663 praepositi,
1193 3594 1224 3645 in
1240 3611 1290 3647 eos
1307 3593 1370 3645 ani·

286 3662 465 3715 madvertant
485 3664 541 3733 Qui
552 3668 575 3716 si
587 3664 744 3717 coercendis
753 3664 931 3717 finitimorum
946 3662 1067 3716 dissidiis
1077 3680 1132 3716 non
1147 3664 1293 3725 sufficiant,
1306 3680 1369 3713 sso-

288 3734 372 3795 citur,
385 3739 417 3782 ut
433 3731 595 3803 disceptatio
607 3734 642 3785 ad
655 3734 823 3805 praefectum
835 3734 957 3786 Orientis
972 3736 1181 3797 transmittatur,
1200 3736 1249 3804 qui
1263 3736 1285 3784 si
1296 3734 1368 3782 intra

288 3820 336 3855 sex
353 3818 458 3853 menses
484 3807 700 3859 concertationes
728 3805 792 3858 illes
815 3819 872 3856 non
889 3805 1056 3867 resecuerit,
1083 3813 1112 3856 et
1130 3803 1230 3857 damno
1257 3804 1368 3853 affectus

287 3890 344 3924 non
364 3876 506 3940 receperit,
531 3874 606 3945 quod
623 3874 760 3946 perdidit,
783 3892 854 3939 eum,
875 3876 924 3943 qui
942 3874 1071 3927 iniuriam
1093 3875 1198 3945 intulit,
1221 3872 1370 3926 obnoxium

288 3944 347 3997 sore
370 3944 450 3997 alteri
468 3946 499 3996 in
517 3944 637 4013 duplum.
673 3945 702 3999 Si
722 3964 758 3999 ne
778 3946 817 3998 sic
835 3944 947 4015 quidem
965 3961 1008 3997 res
1026 3945 1108 3995 tinem
1128 3944 1277 4013 acceperit,
1293 3956 1371 4011 pars,

309 4029 360 4065 uae
384 4030 511 4083 oppressa
536 4016 628 4079 tuerit,
655 4016 819 4084 legationem
843 4016 935 4068 mittat
956 4014 992 4066 ad
1018 4031 1107 4083 regem
1134 4016 1209 4078 eius,
1239 4014 1288 4083 qai
1311 4014 1373 4070 rim

287 4030 398 4146 decerit,
427 4102 443 4136 s
467 4101 523 4154 quo
542 4102 604 4157 rege
629 4086 757 4139 damnum
777 4089 801 4138 si
828 4104 884 4139 uon
903 4084 1087 4154 rependatur,
1114 4100 1205 4155 neque
1232 4081 1375 4154 duplicem

288 4154 406 4214 triusiae
432 4156 637 4213 restitutionem
653 4156 743 4213 laesus
766 4158 840 4213 intre
856 4156 1053 4230 praescriptum
1076 4155 1145 4213 tnui
1170 4162 1278 4226 ternpus
1301 4152 1376 4208 soei·
