3050 4892
314 286 399 374 356
750 312 959 381 meraris

179 471 357 537 acuant
377 468 578 558 dedendusne,
607 466 726 555 ξυνῆιιε,
746 466 794 553 μὴ
822 460 887 554 ἄρα
913 466 970 533 κατ’
993 466 1093 544 adada
1109 464 1218 559 χρόνῳ
1237 468 1317 533 ποτὲ
1335 490 1400 532 rua*

172 547 399 673 ,ιέξὲἑξοότρ
419 568 616 657 προσπταισῃ
638 566 871 653 δυστυχήματι,
881 570 941 632 τοῦ
960 572 1074 632 λοιτιοῦ
1091 592 1126 633 τε
1144 567 1313 634 ἐπαύσατο
1322 568 1395 633 sard

345 668 352 691 t

317 694 376 737 τον
393 673 609 756 προλεχθέντα
627 666 744 754 τρόπον
765 667 1010 753 ἁρματηλατεῖν
1048 665 1131 753 πρός
1149 676 1217 742 τοῖς
1240 668 1395 731 dadosiu-

313 768 428 855 μόνους
448 764 478 831 οῖ
507 772 649 849 βασιλεῖς
669 766 773 851 όφῆκε
803 764 859 829 κατ’
889 774 960 841 ταῖς
978 766 1071 851 σφῶν
1090 766 1197 830 αότιόν
1218 765 1397 849 ἡγεμονίαις

314 872 495 951 ἐνεβίβασεν
514 859 622 943 αὖθις.
663 867 806 930 ἐνταῦθα
828 868 947 953 Πέτριρ
983 862 1145 931 ἐπαύσατο
1171 868 1230 949 τῆς
1257 863 1418 949 inrepleti

316 967 334 1033 ό
364 965 467 1051 λόγος,
489 961 734 1048 όγχαλινιόσαντι
755 962 816 1048 τὴν
834 967 892 1029 τοῦ
911 967 979 1048 Ζίχ
998 965 1075 1050 περὶ
1090 960 1242 1051 Χοσρόσυ
1262 970 1401 1048 μεγαλη-

315 1067 436 1153 γορίαν.
476 1059 544 1129 εἶτα
563 1065 733 1148 διελέγοντο
754 1055 851 1139 αὖθις
878 1067 954 1151 περί
969 1068 1034 1130 ταῖν
1059 1066 1233 1149 πρακτέων.
1273 1060 1402 1127 ἅπαντα

316 1162 477 1250 μὲνγὰρ,
500 1161 545 1239 οἷς
567 1165 656 1247 ἐνῆν,
679 1164 844 1252 α’μφόβολσ
864 1164 899 1228 ἐν
924 1164 1013 1242 auiae
1034 1161 1090 1227 eei
1101 1160 1213 1251 νόσμρν
1230 1159 1404 1244 καθειστή-

318 1288 376 1329 κει.
413 1259 453 1329 τό
484 1257 542 1327 σόν
570 1262 646 1345 περὶ
666 1261 833 1327 sumata
851 1258 901 1325 ἔτι
935 1264 970 1326 ἐν
997 1259 1146 1351 μετεοόριρ
1171 1262 1313 1346 ότιῆρχε,
1342 1262 1405 1325 καὶ

288 1358 519 1437 υόιιελόλειπτό
550 1384 647 1446 σφισι
677 1357 761 1442 μόνα
781 1362 831 1424 drr'
860 1359 1040 1451 α’μριβόλιρ.
1080 1364 1123 1449 τῷ
1141 1382 1189 1426 τοι
1212 1357 1313 1438 ἔλεξεν
1332 1350 1447 1430 uidero

318 1464 449 1546 ilicone·
470 1461 647 1540 ,μιλείστων
668 1460 805 1525 ἐπαίνων
824 1449 912 1539 όιξιός
931 1464 1019 1526 ἐστιν
1040 1458 1132 1545 ἀνήρ,
1154 1456 1189 1534 te
1200 1460 1301 1524 τέλειοι
1321 1462 1401 1540 βοο-

319 1560 486 1642 λευόμενος
505 1562 622 1624 τέλειον
649 1557 800 1642 ότιιθήσοι
828 1568 902 1634 ταῖς
928 1556 1061 1645 πράξεσι
1078 1558 1115 1625 τό
1142 1560 1252 1642 νιόρας.
1292 1556 1323 1621 εἰ
1338 1556 1402 1642 γὰρ

319 1656 504 1724 sinino-n
522 1658 585 1722 τοῖν
607 1652 759 1737 δεόντων,
780 1656 903 1732 ἐλλιπὲς
932 1652 1022 1737 οἶμαι
1039 1655 1096 1722 ναῒ
1121 1660 1166 1744 τῷ
1183 1658 1404 1745 βουλευομένῳ

320 1756 479 1847 φρόνημα.
522 1758 580 1821 σόν
599 1758 669 1841 εἰκῆ
689 1758 725 1820 δὲ
744 1756 800 1819 καί
817 1753 923 1841 μα’την
942 1758 1065 1842 εἴρηται
1085 1760 1144 1823 νῦν
1166 1756 1243 1841 ἡμῖν
1261 1754 1280 1819 ό
1303 1752 1402 1838 λόγος·

319 1854 400 1943 πρός
427 1860 465 1922 nd
493 1856 530 1920 dd
563 1851 754 1942 preciperet,
776 1845 803 1919 ό
824 1859 906 1939 Ζόχ,
921 1855 1093 1937 Ῥωμαίοις
1118 1878 1153 1922 τε
1184 1858 1240 1921 καὶ
1258 1854 1448 1939 Πέρσαιςιό

320 1952 497 2045 φανήσεται
521 1956 783 2040 λυσιτελέστερσς.
811 1951 951 2036 ἐἴποιμι
981 1955 1019 2019 dd
1056 1978 1123 2031 πως
1171 1952 1407 2042 φανερώτερον.

320 2054 461 2120 Σουανόα
476 2052 647 2135 Ῥωμαίοις
666 2054 801 2136 ὑπῆρχε,
822 2051 879 2117 κατ’
893 2050 1053 2137 Ῥωμαῖοι
1078 2050 1230 2128 Σουόνοις
1252 2054 1407 2119 ἐκέλευον.

320 2146 433 2234 σἰμόλει
457 2156 598 2231 Τζαθιόυ
619 2147 771 2216 Σσυόνων
792 2153 1002 2237 ἐξηγουμένου
1019 2149 1171 2229 Δοότοιτός
1189 2175 1239 2228 τις
1248 2148 1407 2231 Ῥωμαῖος

321 2248 405 2335 ἀνὴρ
425 2251 490 2315 τῶν
509 2250 609 2312 ἐκεῖσε
625 2244 817 2330 Ῥωμαϊκῶν
844 2248 1029 2335 καταλόγων
1062 2253 1215 2335 &tygos
1233 2244 1409 2334 προεστοός·

322 2342 405 2412 ἄλλό
427 2346 484 2411 καὶ
510 2349 618 2433 ἕτεροί
642 2370 726 2424 τινες
738 2348 906 2428 Ῥωμαίων
925 2350 960 2415 ἓν
989 2352 1142 2425 Σουόνσις
1161 2348 1327 2415 ἐποιοῦντο
1346 2346 1451 2422 raiano

323 2446 501 2531 διατριβάς.
543 2448 730 2527 όυσμευειάς
758 2448 796 2511 dd
822 2472 907 2525 τινος
927 2495 937 2516 .
958 2495 968 2514 .
989 2493 999 2514 .
1017 2494 1028 2516 .
1047 2447 1168 2532 μεταξό
1199 2450 1257 2513 τοῦ
1285 2450 1409 2525 Anteia

393 2580 422 2635 3.
431 2576 504 2648 πρός
521 2592 556 2651 γε
575 2576 773 2645 τοόςοοιιί.Β.,
790 2579 865 2653 τυρός
880 2591 941 2643 τοῖς
958 2572 1026 2643 rude
1043 2582 1067 2636 d.
1086 2585 1157 2637 coni.
1175 2584 1208 2637 N.
1283 2580 1410 2653 ιομόνα

391 2651 426 2705 Η.
443 2650 518 2721 μόνη
541 2650 613 2722 vulg.
676 2652 713 2704 rb
736 2653 885 2712 Δελτατοςι
910 2655 984 2708 idem
1002 2673 1064 2708 moa
1081 2654 1195 2725 p:357·‚
1213 2668 1239 2720 7.
1261 2653 1409 2713 ’Etiam

390 2722 558 2773 nominatur.
647 2738 688 2773 ar.
713 2721 802 2796 τινος]
829 2725 929 2781 excidit
952 2726 1129 2800 participium
1150 2724 1250 2790 οόσιιτ,
1279 2723 1357 2796 quud
1372 2722 1406 2773 ll·

391 2790 520 2861 supplet,
545 2789 589 2844 vel
605 2794 767 2864 γενομένης.

293 2915 298 2929 ·
319 2916 484 2983 permanet,
502 2915 531 2962 et
548 2917 624 2961 rotae
645 2924 753 2980 semper
774 2912 895 2964 volventi
913 2926 956 2964 res
973 2912 1107 2971 hnmanae
1121 2909 1225 2964 similer
1240 2926 1315 2963 esse:
1331 2906 1409 2961 reri-

320 2988 381 3044 tus,
408 2998 443 3033 ne
469 2981 528 3050 ipse
552 2979 667 3051 posthae
691 2980 721 3034 iu
749 2982 871 3052 aliquam
896 2984 1078 3035 calamitatem
1102 2982 1254 3044 incideret,
1270 2978 1411 3031 abstinuit

322 3050 452 3119 deinceps
471 3066 504 3102 eo
522 3050 624 3114 modo,
660 3068 715 3121 quo
734 3050 868 3114 diximus,
890 3052 972 3117 vehi,
998 3062 1027 3107 et
1053 3070 1128 3123 reges
1149 3051 1221 3122 apud
1242 3067 1271 3103 se
1290 3048 1411 3101 servitu·

317 3128 374 3179 tam
396 3121 543 3174 servientes
562 3122 591 3171 in
609 3137 657 3173 sna
675 3137 768 3189 regnu,
780 3130 812 3173 ut
826 3123 893 3186 illic,
906 3123 1136 3195 quemadmodum
1148 3130 1237 3183 antea,
1252 3126 1410 3189 regnarent,

319 3192 451 3245 dimisis!
484 3192 536 3244 llic
554 3192 635 3243 finem
654 3192 760 3261 accepit
779 3191 851 3246 Petri
880 3210 967 3245 sermo
992 3194 1133 3246 historiam
1158 3192 1319 3255 recitantis,
1348 3206 1406 3261 quo

318 3261 394 3315 Zlchi
416 3260 678 3333 magniloquentiam
696 3264 838 3332 repressit.
872 3262 981 3315 Deinde
999 3264 1188 3317 disseruerunt
1204 3264 1239 3315 de
1257 3260 1318 3323 bis,
1338 3273 1410 3330 quae

319 3332 425 3403 agenda
442 3330 589 3385 restabant.
626 3330 723 3384 Cetera
742 3335 816 3385 euim
838 3334 944 3396 omnia,
974 3334 1065 3403 quoad
1087 3336 1145 3387 eius
1173 3335 1234 3386 lieri
1260 3337 1411 3400 potuerat,

319 3420 392 3477 quae
411 3402 441 3453 in
460 3402 644 3454 controversia
662 3402 787 3469 fuerant,
811 3406 961 3474 composita
987 3398 1177 3475 transactaque
1203 3411 1298 3463 erant,
1329 3417 1411 3453 exce·

318 3476 376 3557 ptis
395 3489 465 3542 qnae
484 3472 519 3522 ad
540 3472 670 3525 suaniam
688 3472 878 3543 pertinebant,
916 3489 967 3525 nae
985 3478 1043 3526 sola
1062 3477 1091 3527 in
1110 3489 1240 3543 susspenso
1265 3470 1358 3522 adbuc
1381 3478 1410 3521 et

319 3550 424 3593 incerta
443 3540 599 3595 manebant.
635 3544 733 3613 ltaque
751 3544 843 3595 Petrus
862 3491 943 3610 ΖῐόόιοΙ
967 3545 1051 3598 dixit:
1080 3544 1192 3605 „Multis
1210 3540 1343 3594 laudibus
1367 3540 1410 3589 vir

320 3611 371 3663 ille
389 3610 486 3682 dignus
505 3620 560 3675 est,
585 3612 634 3683 qui
661 3613 784 3682 perfecte
811 3614 891 3667 utilia
916 3614 1027 3679 suadet,
1052 3614 1203 3684 eademqne
1228 3612 1350 3682 perfecte
1369 3606 1409 3659 ad

321 3682 426 3733 exitum
445 3678 578 3765 perducit
614 3682 738 3747 Etenim,
762 3685 785 3736 si
811 3684 879 3754 quid
897 3686 926 3738 in
944 3685 987 3737 his
1014 3684 1107 3748 deest,
1134 3682 1319 3736 imbecillitati
1341 3680 1411 3748 upi-

319 3766 373 3804 nor
393 3751 490 3805 iudtcii
511 3753 586 3817 eins,
605 3752 654 3824 qui
673 3754 812 3823 negotium
829 3755 963 3824 suscepit,
987 3756 1159 3812 attribuitur.
1203 3754 1266 3805 Nou
1285 3750 1411 3801 immeri-

323 3830 354 3874 to
368 3838 458 3893 neque
476 3830 578 3875 temere
597 3822 665 3875 haec
683 3839 698 3875 a
717 3839 760 3875 me
778 3823 896 3877 babetur
916 3828 1020 3889 oratio,
1047 3843 1118 3896 quse
1142 3823 1178 3876 ad
1202 3832 1231 3875 te
1248 3822 1366 3883 directa,
1392 3837 1413 3872 ο

323 3889 424 3955 Ziobe,
452 3892 562 3946 taudem
583 3894 612 3945 in
630 3909 754 3963 magnam
774 3896 953 3949 Romanorum
976 3904 1005 3950 et
1030 3898 1169 3948 Persarum
1195 3894 1342 3946 utilitatem
1369 3898 1415 3942 est

324 3958 517 4015 redundatura.
552 3964 647 4017 Dicam
668 3980 717 4035 ego
742 3964 827 4035 paulo
845 3967 971 4035 apertius
1009 3966 1110 4019 Sirenis
1134 3963 1247 4018 ditionis
1271 3960 1415 4013 itomana-

324 4046 383 4083 rum
404 4030 471 4096 luit,
490 4040 519 4087 et
537 4032 635 4087 Suanie
654 4036 768 4088 llomani
787 4038 961 4106 imperarunt.
997 4034 1060 4103 Quo
1083 4044 1208 4107 tempore
1231 4038 1322 4084 autem
1341 4032 1416 4083 'laa-

322 4100 404 4155 thena
424 4120 519 4155 eorum
539 4104 594 4156 drrx
612 4114 683 4167 erut,
704 4106 815 4159 Dilatus
839 4106 964 4177 quidam,
988 4107 1139 4169 Romanus,
1165 4112 1293 4175 praeerat
1316 4102 1415 4152 Roma·

324 4172 368 4227 nis
385 4174 540 4241 militibus,
569 4176 618 4247 qui
640 4176 701 4229 illie
726 4177 755 4230 in
780 4176 923 4249 praesidiis
948 4176 1078 4247 agebant:
1106 4186 1165 4229 tum
1192 4190 1309 4247 quoque
1333 4170 1414 4225 multi
