3050 4892
522 881 616 956 DE
662 875 1147 956 HISTORICIS

380 1087 529 1155 QUORUM
552 1087 733 1152 RELlQUIAE
758 1085 829 1134 HOC
852 1085 1030 1137 vonimus
1053 1085 1300 1137 commensus.

300 1359 494 1470 Pitonius
527 1403 766 1468 humanius
798 1403 1069 1486 numeroso,
1098 1403 1260 1467 Ptolemaei
1280 1405 1377 1486 ru,

300 1504 511 1584 Atheniensis,
533 1505 615 1588 Pago
637 1505 809 1566 Hermensis
822 1550 849 1582 „
871 1526 889 1566 e
908 1503 1055 1588 Cerycum
1075 1515 1162 1586 gente
1176 1505 1221 1584 ⁸),
1242 1526 1378 1567 summos

299 1607 332 1666 in
351 1607 472 1666 civitate
491 1605 619 1666 honores
639 1604 765 1686 adeptus
785 1614 847 1678 est,
868 1625 920 1664 rex
933 1614 1050 1665 creatus
1063 1613 1153 1686 atque
1168 1603 1280 1664 archon
1301 1625 1378 1684 epo-

297 1725 431 1786 nymns,
452 1703 667 1787 splendideque
686 1702 883 1786 agonothetae
910 1724 1035 1764 munere
1063 1701 1282 1763 Panathenacis
1302 1701 1379 1762 fun·

300 1814 384 1881 ctus;
408 1803 507 1865 clarus
525 1813 627 1865 orator
646 1814 736 1886 atque
755 1802 950 1864 historiarum
970 1804 1121 1884 scriptor,
1150 1813 1272 1883 propter
1298 1822 1378 1884 quas

238 1915 241 1924 '
299 1901 438 1964 fortunae
464 1901 553 1964 simul
579 1912 670 1985 atque
698 1901 862 1962 industriae
880 1901 966 1961 dotes
985 1911 1100 1960 statuae
1118 1900 1234 1962 honore
1251 1913 1378 1962 ornatos

299 2012 365 2083 cst,
390 2003 476 2064 cuius
504 2001 584 2064 basis
611 2021 681 2062 curn
700 2000 789 2062 titulo
809 2010 914 2060 exstat.
955 1997 1015 2058 Sed
1034 1998 1123 2081 longe
1146 1999 1376 2081 praeclariorem

298 2101 545 2183 saeculorumque
564 2100 709 2160 memoria
728 2098 854 2178 dignum
873 2097 1018 2156 honorem
1036 2098 1094 2158 sibi
1111 2102 1296 2181 comparavit
1313 2119 1375 2182 quo

297 2212 451 2280 tempore,
473 2199 571 2258 effusis
591 2198 624 2254 in
637 2196 794 2254 Graeciam
812 2214 867 2274 per
884 2193 1079 2275 Propontidis
1097 2197 1227 2258 claustra
1241 2198 1375 2277 Herulis,

300 2297 452 2379 captisque
464 2294 601 2366 Athenis,
624 2294 705 2353 cives
726 2311 830 2353 secum
849 2292 883 2351 in
904 2291 997 2353 saltus
1016 2297 1114 2356 invios
1133 2317 1169 2356 ex
1187 2295 1274 2358 urhis
1291 2297 1375 2360 clade

301 2395 443 2478 profugos
481 2391 692 2472 confirmavit3
720 2389 859 2473 bellique,
878 2390 918 2452 ab
949 2393 987 2454 iis
1011 2392 1072 2454 dux
1093 2399 1288 2475 constitutio,
1320 2396 1375 2458 ad·

300 2503 404 2556 vectae
423 2495 457 2552 in
481 2491 599 2552 Atticae
618 2511 703 2553 oram
723 2511 866 2552 romanae
886 2489 993 2573 classi,
1019 2493 1069 2579 cui
1091 2493 1269 2556 cleodemus
1287 2517 1375 2578 prae·

301 2602 376 2664 crat,
398 2593 594 2670 coniunctus,
615 2589 760 2652 ultionem
775 2590 813 2652 de
828 2589 965 2652 barbaris
977 2590 1109 2674 aliquam
1127 2597 1255 2674 sumsit,
1276 2595 1375 2656 tribus

301 2690 434 2752 millibus
463 2711 497 2750 er
525 2690 658 2774 ipsorum
687 2711 813 2751 numen)
838 2713 894 2772 per
921 2693 1108 2752 occasionem
1146 2693 1306 2755 intersectis
1332 2695 1370 2776 ⁴).

301 2791 372 2868 Quo
385 2789 464 2850 sacto
475 2789 524 2849 vir
542 2791 665 2863 eximius
685 2801 752 2872 post
768 2791 949 2873 quingentos
963 2812 1057 2852 annos
1067 2789 1266 2854 Athenienses
1281 2796 1373 2855 armis

301 2889 439 2950 desuetos
453 2889 569 2950 adrem
589 2887 775 2973 gloriamque
787 2889 948 2950 militarem
963 2894 1139 2950 revocavit:
1170 2891 1375 2954 Mithridatico

302 2991 383 3052 enirn
403 2986 484 3048 hello
504 3009 566 3048 non
580 3009 633 3048 sua
647 3009 745 3070 neque
764 3000 870 3070 sponte
887 3010 971 3049 arma
987 2998 1124 3049 moverat
1138 2989 1240 3062 infelix
1257 2991 1371 3052 civitas.

302 3089 407 3168 Quum
429 3086 522 3171 igitur
536 3085 574 3148 de
595 3085 652 3148 hac
666 3089 795 3171 Dexippi
813 3086 910 3170 gloria
928 3085 1034 3148 titulus
1053 3097 1169 3148 statuae
1185 3088 1289 3169 sileat,
1309 3111 1375 3152 cre·

301 3169 400 3249 ditum
438 3197 483 3250 cst
511 3188 595 3267 prius
619 3190 747 3267 positam
770 3207 834 3247 esse
852 3206 944 3268 quam
964 3184 1047 3246 illam
1067 3186 1298 3268 adipisceretur:
1325 3190 1374 3252 cui

301 3289 434 3369 opinioni
460 3285 547 3348 facile
575 3284 768 3365 accederem,
794 3287 822 3346 si
847 3285 973 3345 historia
997 3287 1086 3360 aevi,
1122 3307 1239 3368 „quam
1264 3289 1375 3370 partim

301 3407 338 3446 ex
359 3385 469 3463 libris,
488 3385 600 3468 partim
626 3406 643 3446 e
670 3386 733 3447 vita
750 3383 917 3463 hauserit,”
937 3394 974 3444 ut
998 3387 1180 3468 epigramma
1200 3387 1373 3468 praedicat,

300 3483 420 3544 diversa
445 3505 509 3545 esse
538 3495 638 3567 posset
674 3485 714 3546 ab
744 3483 797 3546 illa
822 3485 919 3546 omnis
952 3485 1039 3562 aevi,
1068 3487 1153 3546 cuius
1181 3488 1319 3547 notitiam
1340 3506 1375 3549 ex

300 3581 440 3665 Eunapio
471 3592 501 3644 et
523 3583 634 3648 Photio
659 3583 815 3647 habemus.
860 3584 907 3645 Ea
930 3585 963 3644 in
992 3585 1090 3668 primo
1112 3584 1230 3647 Claudii
1255 3586 1374 3648 Gothici
1476 3619 1483 3625 ·

340 3761 494 3848 sidones
510 3765 644 3834 integrum
663 3767 776 3852 exhibet
792 3765 872 3818 inser.
883 3767 942 3818 380.
953 3780 1025 3836 corp.
1039 3767 1117 3848 insci.
1134 3781 1217 3837 graec
1282 3766 1311 3838 α)
1328 3767 1373 3852 §ic

370 3841 527 3956 dictim*
548 3837 996 3976 thttlthfiidilmts
1008 3835 1374 3977 ntttttttt‘ttcl}

369 3974 511 4058 paululum
532 3971 573 4058 ab·
587 3973 635 4024 illa
656 3974 802 4062 diversam,
822 3993 902 4046 quam
911 3974 1056 4061 Gibbonus
1067 4013 1075 4038 ,
1088 3992 1228 4096 nunpuam
1246 3977 1305 4028 sine
1322 3977 1373 4062 ho·

368 4057 442 4095 nona
459 4043 628 4112 praelatione
649 4047 838 4107 nominandus,
856 4054 1035 4114 excogitavit,
1052 4061 1126 4097 nunc
1163 4063 1250 4097 emunt
1259 4082 1269 4108 ,
1294 4045 1375 4098 edatis

370 4111 712 4236 idtddiemllcidtewpm
731 4117 764 4168 de
784 4117 926 4170 sententiis
943 4115 1116 4186 (pati-281
1135 4116 1177 4170 cd
1196 4114 1293 4186 Boon.)
1309 4132 1373 4169 con-
