3050 4892
296 309 338 377 n
366 307 574 375 umnam
607 311 662 374 ou
689 306 994 374 moanouuos.
1095 275 1181 396 539

84 458 171 544 fleis
192 457 314 546 αρχήν,
334 485 412 607 praa
433 486 468 525 ex
488 463 546 525 hac
565 466 675 548 pagina
694 474 766 527 sunt
788 463 988 525 ernendenda.
1028 461 1180 527 adhunc

85 549 313 609 Constantium
370 547 534 609 raelectum
560 549 717 610 Praetorio
741 559 812 608 sunt
833 547 977 631 epistolae
996 547 1180 610 'I'heodoreti

83 629 241 713 Episcopi
263 651 280 690 e
299 631 410 692 lacobo
436 631 597 692 Sirmondo
618 631 726 692 editae.

186 713 261 774 Post
279 713 354 774 haee
371 712 477 790 verba,
498 711 733 796 αατρικιότητος
747 708 865 794 τυχών,
881 712 972 796 p.43.
983 715 1182 794 D.,oontinu·

92 796 184 856 anda
203 807 273 857 sunt
293 819 346 876 ea,
367 819 446 880 quae
465 797 558 858 hahes
579 795 671 880 p.74.
686 797 749 859 D.:
782 795 838 858 καὶ
857 791 1009 868 Tartareis
1037 797 1098 874 μὲν
1124 809 1183 866 etc.

92 878 164 940 Hic
178 880 323 941 Tetienus
338 881 488 941 Patricius
501 879 704 942 Occidentalis
715 882 788 962 imp.
791 903 822 1023 p
840 879 892 940 ulo
905 892 971 961 post
986 879 1100 942 Consul
1111 881 1182 944 ficit.

189 963 263 1024 Post
283 963 374 1024 linem
395 963 484 1025 huius
504 964 672 1048 legationis,
686 983 718 1045 p.
729 963 781 1042 76.
824 964 959 1039 .‚scribe
972 984 1020 1041 ea,
1035 985 1112 1046 quae
1125 965 1186 1026 edi·

87 1055 137 1106 ta
165 1057 236 1106 sunt
266 1067 298 1128 p.
308 1045 360 1125 43.
382 1049 445 1108 D.:
477 1037 526 1108 ὅτι
545 1042 624 1126 μετὰ
640 1044 696 1106 τὸν
714 1041 912 1126 ἐμπρησμὸν.
952 1047 1044 1125 Quod
1063 1048 1186 1130 quidem

95 1129 279 1188 incendium
299 1131 426 1213 contigit
443 1129 584 1192 Basilisco
610 1141 640 1191 et
661 1130 876 1190 Hermenerico
896 1129 995 1206 Coss„
1011 1151 1092 1191 anno
1111 1130 1187 1210 464,
1285 1193 1289 1196 .

95 1210 220 1272 Natalis
232 1212 409 1295 Dominici‚
430 1223 465 1275 ut
485 1213 588 1274 scribit
607 1211 802 1274 Marcellinus
820 1215 854 1273 in
877 1211 1042 1275 Chronico.
1087 1214 1187 1275 Huius

94 1295 235 1355 incendii
259 1298 396 1358 meminit
415 1298 505 1358 etiarn
525 1297 681 1358 Candidus
697 1297 817 1356 isaurus
835 1297 869 1356 in
887 1295 967 1357 libro
986 1319 1012 1358 r.
1030 1295 1189 1379 historiae,

97 1387 198 1458 atque
210 1381 242 1437 in
257 1399 293 1440 eo
317 1379 413 1440 multa
428 1380 467 1441 ab
479 1381 596 1464 Aspare
626 1380 740 1441 utiliter
762 1401 825 1441 esse
844 1379 984 1440 ordinata
1002 1399 1187 1443 commemo-

97 1469 167 1521 rat.
208 1461 286 1523 Vide
307 1464 469 1523 Zonaram.

189 1545 390 1606 scribendum
411 1547 551 1607 videtur:
567 1539 629 1606 ὕπὸ
647 1543 712 1607 τῶν
729 1545 808 1610 νέων
823 1543 888 1607 τῶν
897 1542 1072 1622 Ῥωμαίων
1082 1565 1187 1626 παρα-
1195 1555 1226 1610 V.
1247 1556 1297 1612 riti

101 1622 356 1707 σπανδαύμενον,
380 1650 412 1710 p.
433 1629 484 1712 76.
505 1629 544 1690 A.
602 1629 743 1691 Ceterum
766 1627 928 1712 posthaec
946 1629 1041 1690 verba
1062 1629 1191 1692 locanda

101 1719 180 1770 sunt
202 1709 264 1785 illa,
285 1731 364 1793 quae
382 1711 534 1774 habentur
553 1733 623 1796 pag.
642 1710 694 1790 44.
708 1711 772 1772 Aa
795 1704 846 1772 dn
862 1703 986 1772 Σκύθαι
996 1710 1052 1771 καί
1059 1710 1089 1773 Γ
1087 1704 1189 1789 iudos,

101 1803 137 1853 et
158 1793 200 1852 sic
218 1794 360 1876 deinceps
383 1817 478 1878 usqne
498 1797 537 1856 ad
558 1797 660 1855 linem.

120 1901 124 1910 ·
190 1875 335 1958 Pag.44.
350 1877 383 1941 C.
410 1877 577 1963 [161,11.]
599 1880 680 1962 Lege
703 1869 889 1958 ἄπαγόνταν
913 1870 1013 1938 oriris
1035 1876 1193 1955 πολέμων.

102 1957 197 2039 Item,
221 1954 278 2019 καὶ
301 1958 339 2020 od
354 1957 614 2043 συγχωρούντων.
653 1960 749 2022 Paulo
768 1972 839 2104 post
858 1960 925 2104 lcqe
942 1961 1087 2021 continua
1115 1964 1193 2022 serie

104 2038 300 2102 ἐπυνθάνετο
337 2036 399 2120 ὁζτι
422 2041 610 2122 βουλόμενοι
645 2055 718 2121 ete,
739 2066 777 2105 ve
817 2045 918 2126 simp.
939 2042 975 2103 τί
996 2037 1194 2122 βουλόμενοι.

193 2125 271 2206 Pag.
285 2124 337 2204 44
351 2128 392 2187 D.
414 2127 555 2211 [162‚6.]
585 2122 603 2186 ὅ
626 2122 853 2208 Ὀρνιγάνκλου.
881 2126 1080 2187 scribendum
1102 2137 1193 2208 puto,

101 2200 308 2286 Ἀνάγαστος
327 2203 345 2266 d
364 2207 599 2290 ’Acvtyt‘euiou
621 2209 679 2270 Hic
696 2212 777 2270 euim
792 2209 962 2292 Arraganus
970 2211 1078 2270 Comes
1093 2213 1194 2293 ripam

104 2291 179 2358 istri
204 2290 357 2352 tuebatur.
398 2294 445 2354 De
478 2316 538 2376 quo
563 2292 652 2375 plura
683 2313 753 2353 mox
778 2293 902 2354 Priscus
933 2304 1092 2353 memorat.
1134 2293 1193 2354 liic

105 2375 201 2434 etiam
219 2374 379 2456 Dengcsic,
401 2397 502 2458 regem
518 2377 713 2453 Hunnorum,
740 2377 864 2436 tandem
885 2376 1013 2454 devicit,
1043 2388 1195 2458 caputque

104 2457 174 2518 eius
192 2456 369 2540 Byzantium
384 2459 465 2520 misit
476 2461 599 2520 Zenone
617 2469 647 2520 et
660 2459 817 2519 Marciano
825 2460 919 2536 Coss,
930 2471 966 2521 ut
977 2471 1022 2521 est
1034 2461 1065 2520 in
1077 2459 1195 2521 Chron.

105 2539 257 2601 Alexand.
274 2551 303 2602 et
311 2542 478 2603 Marcellini
489 2543 605 2604 Chron.
644 2543 693 2602 De
708 2541 767 2603 hoc
780 2543 935 2626 Anagasto
950 2543 1059 2604 Suidas
1077 2545 1110 2604 io
1122 2539 1230 2604 ducit.
1248 2565 1302 2604 oro

104 2617 197 2694 στάς.
238 2623 404 2707 Arnegiscli
424 2629 564 2687 meminit
589 2624 784 2686 Marcellinus
811 2630 844 2687 in
861 2627 1018 2688 Chronico
1045 2628 1078 2687 in
1104 2627 1197 2688 rebus

103 2705 275 2768 Theodosii
295 2709 437 2788 iunioris,
462 2721 492 2770 et
512 2709 656 2769 iordanes
676 2707 715 2767 de
735 2711 922 2770 successione
941 2730 1115 2791 regnorum.

195 2789 260 2852 Hoc
281 2791 374 2872 igitur
391 2792 497 2852 ordine
518 2791 593 2852 haec
608 2791 704 2851 Prisci
721 2791 862 2852 Blretoris
883 2791 1049 2872 fragmenta
1069 2790 1198 2852 locanda

108 2881 195 2946 stunt,
215 2875 272 2934 scri
294 2879 367 2936 toris
387 2873 475 2935 valde
493 2875 564 2936 boni
589 2885 619 2934 et
634 2872 728 2935 utilis.
770 2874 865 2934 Cuius
885 2873 1016 2956 elogium
1035 2872 1116 2955 apud
1133 2873 1198 2933 Sui·

107 2955 183 3016 darn
208 2958 250 3016 sic
274 2895 336 3059 lapi
358 2957 466 3020 debet:
490 2953 628 3038 ἔγραψεν
652 2951 797 3034 ἱστορίαν
821 2950 1035 3036 Βαζαντικὴν,
1069 2949 1127 3015 καὶ
1154 2950 1197 3015 sci

107 3032 191 3098 κατὰ
211 3036 372 3121 Ἀττηλαν
400 3052 458 3102 etc.
512 3040 683 3122 Stephanus
715 3039 877 3122 Byzantius
901 3041 933 3099 in
969 3059 1045 3100 voce
1065 3030 1200 3099 Σόλωνα

109 3119 219 3182 laudat
237 3121 351 3185 librum
362 3124 394 3186 6.
407 3124 497 3185 huius
517 3125 671 3186 historiae.
712 3123 863 3206 Euagrius
872 3144 1003 3206 quoque
1022 3125 1055 3182 in
1076 3120 1155 3181 libro
1166 3141 1199 3181 a.

108 3203 183 3265 hist.
200 3205 283 3267 Eccl.
304 3229 369 3290 cap.
385 3228 411 3267 r.
429 3207 495 3269 et5.
517 3208 613 3270 Pris'ci
631 3207 773 3271 Rhetoris
793 3207 951 3268 historiam
971 3215 1200 3268 commemorat.

109 3287 173 3346 Sed
193 3290 224 3346 in
247 3311 314 3372 cap.
336 3312 361 3351 r.
379 3301 556 3372 corruptum
588 3303 632 3352 est
649 3295 713 3354 eius
735 3311 872 3351 nomene
903 3289 1089 3369 Πατρίσκος
1116 3287 1199 3347 enim

111 3383 254 3432 exaratur
268 3375 324 3454 pr'o
336 3373 499 3454 Πρίσκος
521 3377 553 3434 in
570 3373 599 3435 5.
620 3397 694 3438 vero
707 3395 786 3456 cap,
801 3368 1202 3436 ubiseditioalexandrino-

107 3475 180 3513 rum
200 3455 380 3518 describitur
402 3469 468 3538 post
483 3457 704 3521 abdicationem
723 3459 874 3536 Dioscori,
887 3455 1080 3519 scribendum
1101 3463 1200 3560 puto:

111 3530 239 3616 ἱστορεῖ
255 3539 330 3620 γοῦν
340 3539 484 3622 Πρίσκος
497 3537 515 3601 ὅ
530 3538 661 3646 Ῥ4τωρ,
679 3543 803 3627 φθῆναι
816 3541 986 3621 τηνικαῦτα
995 3536 1028 3612 ἐς
1036 3533 1093 3619 τὴν
1115 3537 1203 3600 Aia-⁴

112 3613 250 3706 ξάνδρου
266 3621 300 3685 ἐκ
318 3623 374 3706 τῆς
393 3623 456 3686 τῶν
468 3622 617 3708 Θηβαιων
632 3623 791 3709 ἐπαρχίας
814 3635 873 3687 etc.
889 3699 892 3706 Ι

325 3969 402 4044 EX
437 3969 662 4044 MALCHI
696 3968 994 4045 HISTORIA.

201 4125 338 4212 Pag.91.
349 4129 482 4214 c.[231‚
504 4127 542 4214 r.]
566 4131 644 4190 llinc
661 4128 861 4190 inchoandam
880 4153 944 4191 esse
960 4130 1116 4190 historiam
1130 4128 1206 4189 Mal·

116 4209 186 4290 chi,
208 4222 238 4272 et
261 4213 352 4274 series
364 4215 427 4296 ipsa
446 4225 619 4299 temporum
640 4213 739 4296 docet,
755 4225 786 4274 et
802 4213 932 4275 Photius
947 4215 979 4274 in
992 4212 1203 4275 Bibliothecae
