3050 4892
419 288 600 355 nrnrscr
631 234 834 358 nuruum.
1123 298 1201 383 ¹77

119 444 249 525 τοχείν.
297 435 352 523 τήν
378 434 439 524 γόρ
470 432 571 504 edred
599 441 769 525 πρεσβείαν
788 436 827 507 ud
845 443 943 525 μόναν
957 444 1133 530 Ῥωμαίοις
1152 447 1350 527 naitano·

122 532 258 612 Οόννοις
277 536 450 619 ξονοίσειν,
474 536 554 602 ἄλλό
576 537 632 603 καί
646 540 831 629 Ὀνηγησίςο,
852 537 889 608 όν
907 548 981 631 παρ’
994 542 1092 612 αὐτόν
1110 522 1349 665 floreffia·

120 638 178 703 λόα
199 636 281 701 ἰέναι
301 630 450 719 βούλεται
469 638 526 701 καί
544 634 584 701 τό
604 646 670 713 τοῖς
690 636 798 704 ἔθνεσι
831 642 1046 729 διευκρινῆσαι
1064 646 1204 731 ἀμφίβο-

49 802 55 813 ,
119 743 178 802 λα·
222 734 416 821 ἀφικόμενον
449 735 485 799 δὲ
511 736 668 816 μεγίστων
695 732 864 815 τεύξεσθαι
893 742 1039 827 δωρεῶν.
1084 748 1203 829 χρῆναι

98 828 178 915 5οδν
197 834 243 919 μή
258 829 411 920 παρόντος
423 834 608 919 Ὀνηγησίοο
629 830 714 918 ἡμῖν,
734 837 857 917 μᾶλλον
877 839 913 903 δὲ
932 841 1079 932 τάδελφῷ
1097 845 1152 910 δαί
1168 846 1206 931 τῇ

118 932 231 1021 όγαθή
253 936 521 1016 σοναγωνιζεσθαι
543 932 674 1019 πρόξει.
714 938 887 1001 πείθεσθαι
919 940 955 1003 δὲ
972 940 1030 1003 καί
1047 936 1134 1030 αὐτῷ
1153 940 1290 1008 clav-³⁶

113 1026 268 1117 Ἀττήλαν
293 1035 510 1119 μεμαθηκέναι
537 1028 664 1115 ἔλεγον·
695 1035 753 1097 οόκ
774 1035 808 1099 όν
835 1036 916 1123 α’κοῇ
944 1037 979 1101 δὲ
1000 1036 1132 1107 ἔσεσθαι
1151 1047 1206 1123 βε-

115 1135 220 1215 βαιῖος
239 1128 277 1196 τό
299 1134 364 1197 κατ’
385 1128 497 1211 αότόν,
528 1134 559 1197 εἰ
576 1128 666 1215 μήγε
687 1136 782 1221 πείρην
800 1131 859 1218 τήν
879 1135 981 1199 adrui
1000 1138 1087 1222 γνοίη
1109 1129 1206 1207 δόνα-

115 1255 193 1313 μιν.
235 1230 254 1295 δ
281 1232 318 1296 δὲ
336 1227 505 1313 δαολαβοόν
522 1232 635 1316 μηκέτι
658 1230 858 1316 ἀμφιβόλως
887 1228 970 1299 εἶναι
991 1234 1054 1321 ἔφη
1073 1240 1132 1301 τοῦ
1149 1238 1208 1303 καί

81 1328 216 1401 ιοιιότόν
235 1326 293 1395 ἴσα
312 1332 357 1419 τρῖ
377 1328 506 1419 ἀδελφῷ
525 1327 613 1414 παρό
629 1326 767 1419 Ἀττήλρ
787 1333 887 1413 λέγειν
907 1357 941 1397 τε
961 1337 1017 1399 καί
1034 1333 1206 1420 πράττειν.

115 1430 174 1493 καί
192 1431 390 1515 παραχρῆμα
418 1426 586 1495 τόνδππον
613 1426 736 1512 ιε’ναβός
769 1430 826 1497 ἐπί
842 1429 900 1516 τήν
912 1426 1051 1517 ’Λττήλα
1071 1432 1204 1520 διήλασε

114 1526 252 1611 σκηνήν.
294 1526 373 1613 πρός
408 1529 444 1591 δὲ
475 1526 531 1594 τόν
551 1532 736 1611 Μαξιμῖνον
763 1528 960 1597 ἐπανελθών·
974 1532 1112 1599 α’λόοντα
1133 1530 1233 1616 όίμαῦ

114 1630 160 1713 τῷ
184 1629 300 1715 Βιγιληι
321 1626 377 1691 καί
396 1623 647 1712 διαπορούμενον
666 1626 721 1695 ε’ττί
746 1638 818 1705 τοῖς
836 1635 1032 1697 καθεστῶσιν
1051 1630 1159 1717 ἔλεγον
1177 1630 1203 1699 δι’

113 1749 148 1791 τε
169 1728 215 1812 τῷ
235 1720 354 1813 Σκόττρ
375 1724 550 1809 διείλεγμαι
567 1723 622 1791 καί
641 1722 721 1811 όπερ
742 1732 817 1813 παρ’
836 1728 934 1794 αότοό
956 1726 1118 1813 ἤκηκόειν,
1146 1729 1205 1797 καὶ

79 1820 161 1902 ι5ιός
181 1824 235 1889 δεῖ
249 1820 289 1888 τό
311 1824 356 1911 τῷ
375 1819 526 1910 βορβόρῳ
548 1821 748 1909 δοθησόμενα
767 1825 1019 1911 παρασκευάζειν
1040 1831 1128 1914 δῶρα
1147 1828 1205 1895 καί

112 1921 156 1988 τό
178 1921 265 2009 adalgi
283 1924 359 2007 παρ’
379 1917 469 2007 ήμοῖν
487 1920 691 2011 ῥηθησόμενα
718 1924 975 2007 όναλογιζεσθαι.
1024 1921 1204 2012 ἀμφότεροι

113 2014 173 2087 niv
193 2014 458 2105 δναπηδήσαντες,
479 2020 543 2105 (ini
569 2019 629 2106 γόρ
649 2024 707 2087 anri
726 2021 869 2108 ε’δόφοος
893 2022 950 2086 καί
964 2027 1020 2106 τῆς
1039 2021 1120 2100 πόας
1138 2034 1204 2089 κει·-

113 2126 195 2185 σθαι
227 2122 314 2206 σφᾶς
333 2120 552 2205 neelfiam)
582 2116 736 2206 ε’τιήνεσόν
766 2145 800 2187 τε
819 2117 878 2205 τήν
897 2123 1031 2206 πρᾶξιν,
1052 2125 1110 2187 καί
1126 2120 1203 2199 τοός
1257 2165 1260 2171 ,

113 2208 178 2305 ήδη
198 2215 281 2301 μετὰ
300 2221 364 2283 τοῖν
383 2215 562 2299 ὑποζυγίων
582 2216 816 2303 ἐξορμήσαντας
847 2215 1033 2301 α’νεκόλοον,
1063 2223 1119 2287 καί
1134 2224 1274 2297 διε-ω
1350 2299 1355 2317 l

76 2320 273 2401 „eundumne
293 2311 380 2392 ὅπως
399 2339 433 2380 τε
453 2312 651 2401 προσείποιεν
669 2314 724 2380 τόν
743 2313 915 2401 Ἀπήλαν,
935 2317 990 2384 καί
1008 2314 1094 2397 όπονς
1111 2326 1202 2414 adalgi

113 2412 200 2483 τότε
220 2416 378 2513 βασιλέως
397 2416 486 2501 δοῖρα
509 2416 594 2480 δοῖεν
613 2416 669 2479 καί
699 2412 778 2503 ἅπερ
799 2417 887 2506 αὐτῷ
916 2416 934 2483 ό
955 2421 1137 2502 Μοξιμῑνος
1164 2427 1200 2491 ὄ-

182 2548 412 2687 μλιρρραιλεότιῐό.
446 2552 504 2605 Aut
519 2550 676 2621 βούλεσθαι
692 2553 720 2603 Β.
766 2556 792 2609 d
810 2556 951 2625 γνοίημεν
967 2556 1038 2609 eoni-
1055 2557 1098 2613 ct
1156 2577 1197 2614 ru.

297 2639 403 2693 νεαρ

116 2748 209 2815 gutum
231 2744 303 2795 eninr
328 2743 423 2793 venire
441 2740 475 2794 de
495 2740 590 2807 rebus,
618 2758 689 2813 quae
712 2757 771 2795 non
789 2744 877 2796 nolum
890 2742 1018 2799 Romania
1041 2755 1070 2799 et
1086 2748 1195 2803 Hunnia

115 2817 259 2867 maximam
276 2820 367 2867 eaaent
388 2812 537 2865 utilitatem
555 2814 705 2877 allaturae,
723 2812 772 2865 aed
792 2815 875 2865 etiam
895 2816 950 2885 ἱροί
964 2816 1107 2883 Onegeaio.
1142 2821 1197 2872 lnr·

111 2890 268 2956 peratorem
287 2884 362 2936 enim
379 2898 501 2951 parcere,
516 2884 594 2935 illurn
615 2883 650 2935 ad
674 2898 703 2935 ae
728 2882 847 2951 legatum
866 2884 902 2935 ab
921 2886 1007 2938 Attila
1029 2888 1122 2950 mitti,
1146 2892 1197 2971 qul

112 2954 280 3008 diiudicaret
299 2942 495 3005 donuoveraiaa
516 2954 589 3007 inter
605 2964 748 3022 utramque
768 2961 895 3021 gentem,
927 2955 1001 3007 unde
1019 2960 1130 3009 neaniai
1151 2974 1198 3013 ua·

110 3026 241 3097 gentibue
265 3023 345 3077 donin
369 3024 525 3077 cumulatur
555 3032 626 3077 earet
647 3021 793 3075 rediturua.
838 3026 972 3092 oportere
994 3026 1078 3095 igitur
1098 3028 1198 3093 illum,

109 3114 173 3150 enm
197 3093 349 3164 Onegeainr
370 3109 427 3145 non
446 3093 535 3157 adrit,
554 3096 582 3147 in
600 3102 656 3147 tam
678 3093 816 3161 praeclara
836 3094 945 3147 actione
968 3112 1019 3148 noa
1037 3105 1086 3149 aut
1100 3098 1195 3165 potina

86 3170 226 3221 'lrauem
251 3166 342 3235 iprum
365 3163 503 3215 adiurare.
538 3166 574 3217 Et
595 3163 648 3231 ipsi
677 3179 789 3233 quoque
803 3163 919 3215 Attilam
941 3167 1088 3232 plurimum
1108 3167 1193 3222 lidere

109 3238 169 3291 dixi
192 3252 237 3288 me
259 3236 404 3307 aeeepiaae.
441 3234 495 3285 Sed
513 3250 569 3285 nnn
594 3233 659 3285 ntia
687 3234 764 3285 firma
785 3248 844 3285 erae
862 3232 974 3297 audita,
1010 3236 1065 3286 niai
1084 3253 1114 3288 re
1135 3238 1194 3307 ipra

108 3316 209 3361 notum
231 3307 334 3360 laceret
357 3310 490 3375 quantum
510 3303 553 3354 'alli
579 3302 665 3355 Attila
692 3302 834 3356 tribueret
875 3304 898 3355 Δ
932 3321 967 3356 ne
982 3304 1046 3357 ille:
1069 3306 1195 3365 „Neam-

107 3380 201 3449 pliua,
219 3377 326 3449 iuquit,
344 3374 424 3427 dubii
447 3375 517 3427 altia.
552 3374 646 3443 Aeque
667 3388 699 3425 ae
717 3374 803 3425 frater
821 3372 897 3441 apud
939 3375 1029 3427 ttilam
1050 3377 1129 3429 valeo
1144 3396 1195 3431 an-

105 3451 255 3511 ctoritate,
278 3464 325 3499 reu
356 3444 464 3507 verbia,
485 3460 534 3497 aen
564 3444 637 3497 iacto
656 3461 725 3515 opua
752 3452 819 3495 new
860 3443 895 3493 Et
916 3461 1026 3497 aroenae
1043 3462 1131 3517 equo,
1158 3448 1195 3501 ad

106 3519 213 3573 arulae
226 3518 377 3573 tentorium
393 3513 544 3567 contendit.
580 3516 636 3582 Ego
653 3530 717 3566 veru
737 3513 772 3565 ad
792 3512 973 3565 Maximinum
996 3516 1121 3581 rediens,
1143 3520 1193 3591 qul

106 3606 165 3641 ana
179 3607 242 3643 eum
260 3587 345 3657 Bigiln
364 3583 514 3655 angebatur
530 3584 633 3647 animo,
649 3592 677 3636 et
689 3586 810 3637 ineertua
823 3592 883 3636 erat
894 3584 963 3653 quid
973 3588 1194 3642 eonatituendum

106 3668 199 3724 earet,
211 3660 318 3713 narrari
332 3672 479 3719 aermoner,
495 3670 563 3725 quoa
573 3655 721 3707 habueram
736 3670 797 3707 eum
812 3654 924 3717 Seotta,
942 3663 972 3707 et
986 3673 1056 3725 quae
1075 3659 1111 3712 ab
1131 3662 1193 3729 ipro

106 3730 260 3784 audieram.
297 3730 386 3800 Atque
395 3727 465 3779 adeo
474 3726 555 3779 illum
571 3724 686 3777 excitavi
703 3724 737 3777 ad
750 3724 937 3793 praeparanda
954 3742 1074 3791 munera,
1093 3731 1194 3799 quibua

105 3802 233 3855 Seottam
249 3806 476 3859 remuneraretur,
486 3803 514 3849 et
526 3794 791 3867 praemeditandum,
798 3794 899 3864 quibua
910 3794 999 3847 rerbla
1009 3799 1121 3852 Attilam
1128 3804 1196 3854 alfa·

105 3880 193 3925 retur.
204 3872 386 3925 surrexerunt
394 3868 478 3936 igitur
483 3864 662 3936 (offenderam
669 3868 741 3918 eninr
752 3864 817 3915 illos
825 3865 855 3916 in
863 3864 922 3917 eolo
930 3864 1196 3944 herbiduiacentea,)

107 3950 260 4012 etoperam
271 3958 286 3991 a
298 3955 342 3991 me
352 3939 458 4007 egregie
473 3945 596 3991 navatam
615 3935 770 3997 laudarunt,
783 3943 812 3987 et
831 3950 886 3998 eoa,
905 3937 953 4006 qui
965 3954 995 3990 ae
1007 3938 1061 3991 ianr
1074 3958 1135 3993 eum
1149 3945 1195 3994 iu-

107 4015 210 4065 mentia
219 4011 316 4065 itineri
327 4010 510 4071 accinxerant,
523 4013 690 4061 revocarunt.
711 4006 783 4058 Tum
794 4003 878 4059 etiam
888 4022 941 4074 qua
950 4011 1075 4063 oratione
1081 4011 1195 4065 Attilam

107 4082 337 4152 aggrederentur,
364 4088 393 4133 et
414 4094 470 4149 quo
496 4077 578 4132 modo
600 4076 671 4129 doun
685 4076 873 4143 Imperatoria,
891 4086 921 4129 et
936 4094 1008 4147 quae
1027 4081 1194 4136 Maximine·

105 4155 170 4223 ipae
188 4152 339 4215 adferebat,
354 4152 500 4209 traderent,
543 4150 617 4201 inter
632 4162 661 4201 re
678 4148 821 4217 agitaruut
861 4146 934 4200 Dum
947 4150 977 4201 ia
992 4148 1089 4203 harum
1103 4168 1195 4206 rernm

141 4256 303 4327 Dexippus,
320 4254 468 4325 Ειιπορίιιι
480 4264 528 4307 etc.
967 4270 999 4308 ra
1068 4326 1073 4333 ἣ
