3050 4892
325 243 406 359 57²
608 272 780 337 nmium
810 267 948 330 umen
976 262 1116 329 norun
1148 285 1151 290 >

320 428 469 489 colonicae
489 442 581 501 esset,
600 428 693 489 Gothi
701 450 760 513 per
772 426 913 509 neglectos
928 424 1034 484 tinnites
1051 436 1228 507 eumenus,
1252 438 1283 485 et
1302 437 1404 485 vosta-

320 526 353 573 τα
370 512 499 575 Thracia
513 526 542 573 et
556 510 670 575 Moesia
687 512 819 596 praedas
832 529 921 589 agere
935 520 1102 592 ooepenmt.

407 594 486 677 Pag.
504 616 550 657 io.
562 596 597 655 Β.
615 593 788 737 [460,24.4
809 594 879 672 Quo
899 602 1035 672 tempore
1054 591 1198 649 Leontius
1215 592 1272 650 iste
1295 588 1408 671 Olym-

321 678 440 762 piodori
468 700 542 739 cura
566 699 601 738 oc
624 677 723 739 studio
748 700 766 737 a
812 675 1009 757 sophisticum
1036 671 1181 733 thronum
1211 685 1337 733 erectus
1363 684 1410 735 est

321 762 471 840 Athenis,
502 760 666 843 (siquidem
694 760 801 823 ordine
826 771 997 839 temporum
1027 777 1082 837 per
1114 754 1230 835 singula
1262 756 1410 816 decurrat

321 848 438 923 oratio)
450 848 510 904 iam
519 845 588 905 fatis
599 845 776 905 concessisse
791 841 911 901 videtur
923 840 1136 901 celeberrimus
1150 838 1202 897 ille
1211 838 1409 899 Atheniensis

320 928 518 1011 philosophus
540 928 704 1003 Leontius,
725 937 811 1009 pater
830 922 1027 999 Athenaidis,
1048 942 1126 1001 qnae
1149 920 1188 979 ah
1204 922 1328 994 Attico,
1352 945 1409 1003 pa-

320 1011 453 1072 triarche
475 1010 717 1091 Constantinop„
741 1011 774 1071 in
787 1009 967 1090 baptismate
994 1005 1130 1078 Eudocia
1156 1003 1308 1085 appellata
1321 1006 1408 1065 The·

321 1094 416 1156 odosii
447 1097 526 1176 lmp.
548 1098 655 1154 coniux
681 1093 751 1153 suu.
795 1092 913 1152 Cuncta
948 1089 1023 1149 haee
1047 1087 1202 1147 uberrima
1231 1090 1407 1148 narratione

321 1175 446 1261 explicat
472 1187 576 1236 auctor
600 1176 714 1237 Chron.
739 1173 849 1252 Alex„
878 1175 927 1233 cui
947 1170 1158 1253 suffragantem
1187 1168 1407 1252 Theophanem

297 1280 355 1322 ·ex
376 1260 441 1321 MS.
467 1270 569 1319 nostro
589 1258 657 1319 cod.
680 1258 839 1338 adiungo:
876 1252 1031 1317 Λεοντίου
1056 1252 1115 1313 ταῦ
1142 1249 1319 1335 (pelecinos
1339 1254 1406 1313 θν-

319 1341 436 1423 γατέρα
456 1338 639 1421 Ἀθηναΐδα
660 1339 829 1420 λεγομένην
848 1330 1018 1415 ἐβάπτισεν
1046 1330 1193 1406 Ἀττικὸς
1225 1335 1285 1395 καὶ
1301 1333 1402 1397 liddo-

318 1414 1005 1575 tsccocclustictu
1020 1416 1406 1579 'lutosos’

318 1550 556 1669 dsoenos'uhrioot
578 1608 671 1669 qnam
684 1528 870 1669 liedocham,
890 1595 926 1645 ut
944 1525 1206 1666 plaasquel-alias,
1226 1587 1405 1663 praetermi-

315 1670 358 1733 sit
375 1672 475 1731 in'sua
488 1670 613 1743 historia
628 1664 1010 1733 ecclesiasticahnastasius
1029 1665 1175 1727 Biblioth.
1216 1666 1266 1725 De
1288 1666 1405 1727 solenni

316 1751 402 1837 pallii
421 1754 574 1834 sophistici
603 1757 813 1828 concessione,
843 1748 882 1811 de
907 1750 1043 1813 batn-ari
1073 1770 1205 1830 pompa,
1236 1747 1279 1807 de
1300 1750 1404 1832 sophi·

227 1880 231 1887 ‹
317 1837 394 1899 stico
424 1836 557 1915 throno,
589 1838 627 1897 de
649 1837 778 1919 pecunia
808 1834 908 1904 danda
939 1833 1112 1894 scholarum
1146 1831 1331 1893 antistitibus
1365 1855 1403 1893 ac

225 1946 233 1953 ·
317 1917 489 1997 similibus,
519 1941 558 1981 ne
577 1932 679 1981 actum
701 1940 808 2003 agam,
838 1915 963 1984 consule
980 1917 1150 1978 Theatrum
1171 1915 1341 1977 Rhetorum
1360 1917 1401 1977 lt.
1493 1983 1494 1986 Ἴ

317 2000 358 2065 Ρ.
380 2002 527 2064 Ludovioi
550 2002 691 2064 Cressolii
711 2000 767 2063 τοῦ
785 1995 985 2078 μακαρίτου,
1007 2021 1043 2061 ac
1065 1999 1245 2060 nominatim
1269 2020 1338 2080 esp.
1353 2000 1403 2061 rs
1493 2011 1494 2014 ’

172 2096 178 2111 “
306 2083 372 2147 tib.
396 2086 439 2157 3.,
464 2086 561 2167 capita
582 2088 685 2167 priora
705 2084 758 2147 lib.
782 2082 815 2162 4.
835 2094 867 2143 et
886 2081 942 2142 lib.
954 2085 985 2145 5.
1007 2105 1036 2144 c.
1056 2082 1087 2143 5.
1493 2089 1494 2118 ¹

400 2166 478 2248 Pag.
498 2191 544 2231 10.
565 2170 605 2231 D.
624 2164 792 2267 [461,19.]
815 2162 1004 2244 ἇκρωμῖται,
1027 2168 1087 2244 (sic
1107 2164 1188 2243 enim
1210 2162 1326 2246 legend
1338 2170 1405 2243 est)

317 2249 704 2332 Olympiodorodicuntur
724 2270 753 2311 οι
774 2249 839 2309 τῶν
859 2246 1029 2325 διατριβῶν
1048 2245 1236 2328 προστάται,
1256 2248 1305 2308 vel
1316 2250 1405 2330 quod
1437 2298 1442 2307 .

317 2332 382 2393 aliis
402 2344 573 2414 praeessent
600 2356 636 2395 ao
664 2346 808 2416 tunquam
838 2330 973 2391 humeris
992 2352 1098 2391 omnes
1122 2332 1404 2411 supereminerent,

317 2418 396 2497 (quo
417 2436 506 2477 sensu
535 2410 564 2477 oi
584 2414 725 2491 μείζονες
746 2416 890 2479 dicuntur
921 2414 1074 2497 llcsychio
1108 2406 1287 2493 ἇκρωμῖται
1303 2416 1330 2490 ,)
1350 2416 1402 2476 vel

358 2495 397 2555 od
430 2496 516 2557 laevo
547 2496 690 2557 dextrove
716 2498 869 2574 humero,
901 2508 956 2557 aut
986 2500 1077 2557 etiam
1096 2506 1226 2577 utroque
1246 2497 1402 2577 quoddam

315 2518 470 2639 licuisse
490 2601 524 2639 ac
547 2581 708 2659 magisterii
729 2580 844 2659 insigne
864 2589 1035 2659 gestarent:
1065 2572 1200 2639 certeco
1218 2578 1279 2653 μὲν
1300 2577 1403 2661 ὑπερ-

283 2660 286 2667 '
314 2660 389 2722 eos
405 2660 464 2721 τοῦ
490 2656 660 2741 βραχίονος
689 2656 860 2738 α’κρωμία,
883 2656 940 2720 καὶ
962 2652 1050 2739 ὤμου
1071 2652 1218 2742 κεφαλή,
1240 2660 1297 2722 καὶ
1315 2661 1401 2723 ἑπα-
1493 2687 1494 2690 ’

313 2763 390 2823 μις,
413 2742 469 2803 καί
486 2736 665 2825 αἶκροκωλία
694 2742 805 2803 dicitur
826 2742 885 2803 lul.
902 2742 1021 2804 Polluci
1049 2743 1105 2805 lib.
1126 2764 1197 2803 2.c.
1208 2740 1240 2820 4
1261 2748 1399 2807 sect3r.

314 2824 363 2887 De
380 2826 479 2887 llulr's
506 2848 541 2885 nc
573 2826 667 2887 Tnda
694 2825 771 2886 nihil
791 2826 865 2887 mihi
887 2828 1009 2888 aliunde
1028 2827 1178 2903 subsidii;
1199 2846 1269 2887 cum
1290 2828 1400 2889 Trullo

314 2928 351 2971 ac
374 2908 467 2971 trulla
486 2908 562 2969 nihil
583 2912 684 2969 notius
705 2910 755 2970 sit.

399 2992 478 3073 Pag.
500 3014 547 3053 11.
563 2991 602 3051 A.
615 2990 767 3076 [462‚8‚4
777 2990 914 3074 Euplutii
934 2994 1117 3075 magistriani
1138 3015 1229 3075 opera
1249 2992 1397 3053 redditam

315 3072 407 3137 fuisse
427 3075 511 3135 fratri
527 3076 799 3137 avesooothorum
819 3098 889 3157 rege
902 3076 1000 3137 Vallia
1012 3076 1179 3137 Placidiam
1206 3077 1398 3158 firmatusque

312 3160 396 3241 pacis
414 3158 611 3236 conditiones,
625 3122 691 3219 aliis
708 3158 854 3218 indictum
871 3158 940 3219 finit.
982 3160 1311 3242 Delllagistrianissive
1330 3162 1397 3219 hla-

314 3242 499 3323 gisterianis,
523 3244 576 3325 qui
596 3251 627 3303 et
646 3240 779 3325 Agentes
793 3244 825 3301 in
849 3243 938 3303 rebus
957 3242 1030 3303 dicti
1051 3255 1144 3320 sunt,
1165 3253 1284 3323 praeter
1308 3241 1398 3303 Glos-

312 3324 394 3385 cria
414 3322 539 3385 consule
570 3346 649 3407 quae
677 3346 787 3407 magno
800 3324 908 3386 ¹studio
925 3346 960 3385 ac
981 3324 1117 3386 lectionis
1137 3328 1283 3386 varietate
1304 3325 1397 3385 colle·

313 3408 357 3486 git
364 3418 467 3468 noster
477 3407 654 3469 Herihertus
667 3407 845 3490 Rosueydus
856 3409 886 3467 in
894 3408 1087 3469 Onomastico
1107 3408 1146 3469 ad
1156 3410 1241 3468 Vitas
1253 3408 1395 3467 Petrum.

396 3489 476 3571 Pag.
491 3510 537 3550 tt.
548 3490 584 3549 Β.
599 3488 688 3575 [46α,
703 3488 910 3574 19.]De0asi
925 3494 989 3551 sive
1007 3491 1099 3551 Avnsi
1120 3501 1280 3577 magna-et
1300 3512 1397 3571 parra

312 3570 436 3653 eiusque
457 3569 601 3635 ulteriore
621 3594 722 3634 eremo
741 3574 831 3656 plura
851 3574 900 3634 hic
922 3594 1083 3655 congerere
1101 3575 1219 3655 possein
1240 3594 1274 3633 ex
1291 3571 1397 3633 Ptole-

312 3670 425 3733 maeo,
454 3656 621 3735 Strabone,
660 3656 814 3738 Stephano
835 3656 964 3738 aliisque
989 3656 1188 3738 geographis,
1223 3653 1335 3737 quihus
1366 3666 1398 3716 et

313 3733 424 3829 oddere
443 3759 560 3819 possem
577 3738 747 3815 historicos,
768 3740 957 3803 Herodotum
977 3740 1009 3799 in
1029 3740 1151 3817 Thalia,
1174 3739 1396 3821 Hieronymum

311 3834 344 3874 m
366 3820 429 3881 vita
444 3824 539 3883 sancti
563 3822 743 3897 Hilarionis,
768 3824 921 3883 Zosimum
943 3820 1015 3883 lihri
1037 3822 1066 3883 5.
1089 3845 1122 3905 p.
1137 3820 1230 3905 787„
1252 3820 1394 3882 Theodo-

227 3898 254 3953 P·
270 3910 385 3971 sorum
403 3902 560 3965 Lectorem
581 3904 660 3966 libro
681 3927 711 3967 2.
738 3904 1015 3984 Collectaneorum,
1038 3906 1206 3984 Euagrium
1221 3904 1291 3965 libri
1305 3905 1395 3986 primi
1493 3909 1494 3962 l

310 3990 376 4065 dap.
387 4005 414 4067 7.
439 4007 473 4047 ex
495 3986 601 4049 litteris
621 3988 854 4050 Haeresiarchne
866 3990 1007 4061 Nestorii,
1030 3991 1082 4071 qui
1101 3988 1143 4049 ibi
1164 3991 1198 4047 in
1216 3987 1303 4047 exilio
1321 4008 1392 4067 per-

309 4066 356 4125 iit.
414 4068 525 4129 Verum
564 4082 651 4131 tanto
678 4093 740 4135 non
768 4083 814 4135 est
842 4092 917 4155 opus
937 4083 1107 4155 apparatu,
1136 4068 1249 4133 sufficit
1266 4068 1393 4151 digitum
1493 4057 1495 4142 l

309 4148 472 4213 intendisse
492 4157 524 4214 in
543 4152 652 4215 fontes.
