3050 4892
412 289 623 356 numeni
655 289 861 358 nisroait.
1102 268 1188 384 257·

93 440 176 524 ταχύ
199 439 412 518 διεκπεσόντος
432 442 595 530 όπίφυγον
615 447 660 521 είς
679 445 715 510 τό
738 450 856 530 πεδίον,
879 446 935 513 καί
954 447 1011 534 τὴν
1028 452 1224 538 γόφυραν,Α-
1237 453 1328 528 0479

95 543 169 605 καθ’
193 537 236 623 ἢν
261 538 474 625 ὑπερέβησαν,
494 542 616 621 εύθόως
646 543 828 628 οἷνελόντες,
859 543 882 630 ἢ
911 545 1054 634 φάραγγι
1073 525 1324 652 γθαθειήιῙΖἸξὲοζ16

95 641 279 720 indiserte,
298 643 398 724 μέσης
413 632 510 725 ούσης
526 645 582 726 τῆς
594 640 683 724 sideri,
704 642 764 729 τὴν
778 647 885 724 δίωξιν
895 647 1024 725 ἐκείνοις
1043 645 1099 713 ἐπὶ
1116 647 1191 728 τούς
1292 633 1298 646 ’

94 735 296 820 καταβάντας
324 739 474 822 ε’ποίησαν
502 732 639 826 ῶπορον,
667 740 724 806 καί
749 745 858 824 μέντοι
885 743 942 810 καί
968 753 1034 822 τοῖς
1068 743 1192 812 ἑαυτῶν

78 831 336 920 §iterationis
357 833 470 924 φυγην,
486 833 571 906 dors
589 837 670 924 πρός
691 833 845 907 οἷπόνοιαν
866 843 968 927 όλίγοι
989 837 1073 922 ὄντες
1094 843 1193 928 όμόσο

94 943 163 1014 τοῖς
182 932 329 1002 ἱππεῦσιν
349 935 504 1022 ἒχοόρουν.
546 937 591 1014 ῶς
611 941 647 1004 δὲ
667 937 751 1026 ὑπὲρ
770 948 910 1027 κεφαλῆς
941 941 972 1007 ei
993 942 1086 1024 πεζοί
1111 944 1194 1032 ipol-

96 1059 197 1120 νησαν
216 1032 296 1101 κατοὶ
316 1033 354 1100 τό
375 1040 599 1120 συγκείμενον,
630 1034 715 1105 odiu
745 1037 974 1127 όιετρύποντο,Ι
1000 1040 1056 1107 καί
1081 1040 1113 1108 οἱ
1131 1045 1208 1125 ,uis

94 1137 144 1212 εἷς
164 1131 245 1210 τούς-
258 1133 374 1218 ἱππεῖς,
393 1134 423 1200 οἱ
444 1137 480 1202 δὲ
501 1137 547 1214 εἰς
566 1136 643 1214 τούς
657 1136 790 1215 ότιλίτας
806 1139 1010 1222 ἐμπίπτοντες
1030 1137 1206 1227 ἔθνησκον..

97 1237 156 1299 καί
173 1232 240 1314 τός,
252 1232 377 1316 όμύξας
397 1237 507 1301 αότῶν
527 1235 635 1319 λαβὼν
655 1236 863 1320 Σαβινιανός,
894 1229 993 1316 ούσας
1021 1241 1064 1316 ῶς
1085 1242 1222 1324 druge-G

60 1335 190 1415 οολίας,
210 1333 434 1416 αἰχμαλώτους
452 1359 486 1401 τε
515 1331 684 1420 πλείουςῆ
711 1340 984 1422 πεντακισχιλόιυς
1012 1342 1069 1406 καί
1103 1340 1192 1406 λείαν

99 1425 159 1495 ούκ
180 1427 305 1518 όλίγην,
332 1430 422 1510 τινός
443 1436 479 1500 tt
498 1434 561 1499 τῶν
582 1428 714 1516 όμαξῶν
734 1434 791 1502 καί
809 1433 1010 1515 κατακαύσας
1031 1441 1067 1504 ἐν
1086 1444 1129 1528 τῷ
1157 1431 1195 1504 i-

98 1555 167 1617 ρει,
182 1528 223 1606 ῶς
243 1522 283 1616 ἧν
302 1528 393 1618 ἔργον
412 1527 544 1599 ἑλκύσαι
564 1534 620 1598 διὰ
638 1537 786 1620 κρημνῶν
805 1533 975 1620 τοσούτων,
990 1541 1024 1615 ἐς
1041 1536 1100 1624 την
1119 1545 1194 1604 Ao·-

93 1625 217 1715 χνηόόύ
235 1632 425 1718 οἷφικνεῖται.
467 1631 524 1697 καί
552 1632 693 1717 εόρίσκει
723 1635 933 1716 Ἀδαμοίντιον
958 1637 994 1700 ἐκ
1022 1639 1080 1721 τῆς
1114 1635 1194 1722 πρός

99 1731 299 1816 Θευθέριχον
318 1731 490 1807 συνουσίας
511 1731 738 1796 ἐπανελθόντα·
773 1733 812 1796 ού
836 1731 897 1818 γόρ
918 1760 968 1798 πω
999 1736 1194 1820 Θευόέριχος

60 1831 260 1899 ι5ἒπέπυστο
279 1830 374 1894 ου’όὲν
393 1832 455 1895 τῶν
476 1827 539 1894 ent
551 1833 745 1912 Σαβινιανού
763 1833 799 1896 ἐν
820 1834 863 1919 τῷ
882 1821 950 1917 όρει
978 1837 1196 1918 πραχθέντων.

100 1926 179 2005 τούς
207 1930 268 2011 μὲν
301 1920 358 1993 οόν
387 1928 611 2012 αἰχμαλώτους
637 1927 716 2004 τούς
743 1921 781 1993 τό
811 1925 978 2013 γεγονότας
996 1933 1040 2014 ,όν
1066 1933 1196 2019 φυλακῇ

96 2035 259 2108 ποιεῖται,
285 2026 361 2102 τούς
384 2029 420 2092 δὲ
440 2021 557 2103 ἄλλους
573 2023 656 2109 μετὰ
677 2031 733 2112 τῆς
751 2023 839 2106 λείας
861 2030 991 2093 διέδωκε
1012 2037 1076 2105 τοῖς
1097 2055 1197 2115 στρα-

96 2124 240 2207 τιώταις.
283 2122 408 2208 όμόξοις
433 2129 544 2208 μέντοι
568 2122 687 2201 πολλός
716 2126 869 2204 κελεύσας
894 2136 963 2204 ταῖς
983 2125 1093 2192 πόλεσι
1112 2126 1194 2215 πρός

97 2223 159 2302 τὰς
189 2229 251 2291 τού
279 2228 496 2310 στρατοπέδου
524 2225 762 2291 κατασκευάσαι
780 2230 910 2312 χρείας,
944 2225 989 2303 σός
1009 2225 1225 2314 ἐληφθησανῦ

55 2317 219 2407 aeuitur,
252 2325 367 2389 α’πεῖπε
393 2333 464 2401 ταῖς
494 2321 606 2390 πόλεσι
624 2326 724 2410 μηδὲν
743 2326 964 2408 ἐνοχλεῖσθαι,
987 2323 1032 2402 ῶς
1052 2325 1111 2402 τός
1131 2329 1274 2412 u’p-v.58
1344 2396 1350 2407 ‚
1429 2361 1435 2370 ·

98 2425 220 2500 καύσας
240 2423 330 2508 ἔχων.
350 2422 432 2506 μετό
454 2425 490 2490 δὲ
510 2427 609 2490 ταῦτα
627 2421 747 2510 γράφει
764 2427 825 2506 μὲν
844 2423 1050 2505 Ἀδαμοῖντιος
1070 2429 1114 2514 τῷ
1133 2432 1196 2510 βα-

98 2530 205 2607 σιλεῖ,
225 2521 269 2600 ῶς
287 2523 463 2608 ύπίσχετσ,
491 2521 531 2590 τό
554 2520 634 2611 πρός
655 2525 851 2610 Θευδόριχον
871 2526 960 2614 αύτῷ
980 2526 1196 2608 όιειλεγμόνα·

173 2703 201 2738 υ.
218 2681 390 2743 ἀναλύοντες
407 2683 477 2737 cont
486 2682 519 2735 ii.
590 2685 615 2738 3.
634 2682 785 2746 λπέζευκτο
805 2680 849 2744 tt,
867 2679 1024 2746 ὑπέζευκτο
1043 2685 1115 2753 vulg.
1154 2701 1195 2740 rc·
1284 2671 1287 2678 ¹

175 2753 280 2806 seadd
296 2754 329 2807 N.
402 2755 443 2822 il.
460 2767 519 2806 που
536 2753 608 2822 vulg.
683 2754 723 2812 15.
738 2750 837 2808 οὐθενὶ
854 2753 927 2824 vulg.

98 2894 189 2964 mitt,
211 2896 336 2954 celeriter
353 2899 384 2951 in
401 2897 547 2968 planitiem
565 2895 652 2968 elapsi
671 2903 700 2949 et
716 2901 847 2967 pontem,
867 2893 910 2948 eui
929 2893 1041 2950 suberat
1058 2891 1132 2949 iosea
1150 2895 1198 2950 iu·

99 2975 184 3044 genti
196 2968 399 3040 profunditate,
417 2968 577 3036 transgressi
595 2974 668 3030 suut,
688 2983 743 3039 quo
761 2967 897 3020 dissoluto
912 2969 1131 3036 persecutionem
1150 2985 1199 3020 eo-

100 3059 186 3104 rum,
214 3043 264 3112 qui
289 3041 320 3094 in
340 3041 455 3092 alteram
480 3041 568 3107 ripam
593 3043 789 3108 pervenerunt,
815 3036 943 3090 hostibus
969 3039 1199 3106 intercluseruut3

99 3112 225 3183 reliquis
250 3119 342 3164 autem
361 3125 504 3163 suoruma
526 3117 611 3178 ponte
635 3108 752 3161 exclusis
777 3109 869 3176 fugam
886 3107 1049 3177 impeditam
1067 3107 1199 3161 reddide-
1275 3145 1276 3151 ,

99 3191 184 3236 runt.
219 3182 256 3235 Ac
273 3182 318 3235 illi
329 3198 396 3252 prae
409 3179 618 3249 desperatione,
639 3196 701 3232 cum
714 3179 796 3250 pauci
808 3185 914 3240 essent,
931 3179 960 3230 in
971 3181 1107 3230 Romanos
1119 3179 1200 3250 equi·

97 3264 151 3308 tes
177 3255 332 3315 irruerunt,
358 3250 407 3304 sed
433 3251 484 3302 nbi
507 3250 688 3313 Rornanorum
710 3249 819 3318 pedites
840 3267 874 3304 ex
897 3251 1048 3332 composito
1066 3266 1202 3319 prorupe-

97 3331 190 3386 runt,
215 3323 254 3375 ita
272 3323 364 3376 hostes
382 3329 458 3391 terga
476 3327 636 3383 verterunt,
661 3327 694 3371 ut
735 3322 816 3372 artior
840 3321 870 3373 in
895 3329 1021 3392 equites,
1050 3319 1203 3389 partimin

97 3394 220 3467 pedites
238 3393 394 3448 inciderent
411 3402 440 3445 et
459 3390 669 3444 trucidarentur.
705 3338 873 3444 libinianus
901 3406 1030 3442 curruum
1055 3389 1127 3454 duo,
1154 3406 1204 3443 ca·

95 3451 251 3540 ptisoriim
267 3466 340 3534 plus,
358 3480 442 3534 quam
464 3464 590 3534 quinque
614 3461 713 3522 millia,
730 3461 820 3531 cepit,
839 3469 867 3512 et
884 3475 940 3512 non
958 3476 1055 3530 parum
1071 3460 1201 3531 praedae.

98 3533 248 3590 Curribus
265 3543 357 3587 tamen
375 3534 500 3603 aliquot,
519 3548 589 3602 quos
607 3530 717 3582 difficile
734 3531 833 3583 luisset
848 3547 899 3600 per
916 3534 958 3582 tot
975 3539 1121 3600 praerupta
1140 3532 1202 3584 loca

97 3621 211 3677 agere,
238 3606 269 3656 in
292 3612 385 3658 monte
409 3605 537 3667 incensis,
555 3598 726 3670 Lychnidum
759 3601 919 3654 revertitur:
946 3599 994 3654 hie
1009 3600 1202 3654 Adamantinm

99 3695 140 3735 re
180 3676 233 3738 rit,
259 3676 309 3744 quii
326 3693 341 3726 a
360 3673 499 3745 colloquio
524 3690 585 3725 cuin
602 3670 796 3724 Theudoricho
815 3671 942 3726 redierat
979 3671 1108 3726 Nondum
1127 3673 1202 3725 enim

97 3692 343 3809 Ίόόυόετὶιόυι,
370 3746 489 3815 quaein
506 3751 601 3796 monte
617 3758 633 3792 a
651 3741 802 3794 Sabiniano
822 3749 896 3812 gesta
914 3751 1005 3806 eraut,
1030 3751 1200 3812 cognoverat.

100 3819 294 3887 Captivorum
313 3823 404 3868 autem
422 3814 574 3867 nobiliores
600 3809 742 3864 custodiae
769 3812 898 3876 tradidit,
925 3812 1046 3885 reliquos
1063 3811 1202 3866 militibus

97 3903 180 3946 cum
205 3885 310 3957 pracda
333 3885 483 3938 distribuit.
519 3885 554 3937 tt
578 3899 640 3936 eum
662 3899 720 3936 non
740 3881 829 3934 multo
853 3891 917 3935 ante
940 3901 990 3952 per
1016 3883 1140 3936 civitates
1166 3881 1203 3937 ael

96 3975 197 4016 nasim
214 3957 352 4011 exercitus
370 3973 464 4009 currus
481 3954 684 4026 praeparandos
700 3956 875 4020 imperasset,
895 3963 926 4006 ut
942 3953 1002 4006 istis
1020 3961 1062 4007 est
1080 3957 1203 4024 potitus,

95 4027 208 4085 vetuit
224 4029 349 4081 ciuitates
368 4026 484 4095 amplius
503 4024 538 4079 de
556 4021 681 4077 curribus
699 4021 839 4086 laborare,
861 4023 927 4095 quia
947 4023 1024 4095 quod
1046 4025 1118 4092 ,saus
1143 4031 1204 4076 erat

94 4095 248 4155 habebat.
285 4099 335 4151 liis
353 4096 393 4150 iss
410 4095 506 4165 gestie,
525 4093 622 4148 scribit
639 4093 818 4147 Adamantius
836 4095 1016 4164 Imperatori,
1030 4104 1064 4147 ut
1072 4092 1205 4147 Theude·

91 4169 195 4228 richo
213 4171 391 4239 promiserat,
418 4182 570 4230 sermones,
596 4181 666 4238 quos
690 4181 752 4218 cum
782 4181 814 4219 eo
840 4163 983 4219 babuerat
1019 4163 1151 4219 scribunt
1175 4165 1205 4216 et

145 4273 313 4346 Dexippus,
330 4271 479 4343 Eutropius
493 4283 547 4328 ιιι.
974 4284 1005 4340 ιη
