3050 4892
349 276 392 339 n
417 270 603 343 amoots
624 273 920 343 campionem.
1095 243 1182 362 569'

88 430 263 496 Ardabae
278 432 378 510 coss„
397 444 429 495 et
444 432 517 512 tta.
536 433 597 495 sub
619 433 784 496 munitatu
803 434 922 497 aeriter
941 432 1066 497 vatent
1090 434 1179 499 Adde

88 518 232 581 idatium
256 516 428 579 adsunam
449 517 490 577 ab
511 517 599 579 obitu
620 518 748 577 Honorii
771 519 882 591 Vlll.,
910 516 1120 579 Marcellinum
1138 516 1201 581 ll-'

86 596 280 681 lyricianum
304 600 410 659 iisdem
431 599 554 661 Valerio
579 612 610 660 et
644 601 734 659 Aetio
768 600 964 662 Consulatum
988 602 1178 681 gerentibus,

87 684 260 746 Iordanem
280 682 319 742 de
329 684 418 743 rebus
428 684 575 756 Gothicis,
599 682 793 743 Anastasium
805 684 1069 745 Bibliothecarium
1083 708 1114 766 p.
1125 688 1176 767 39.
1277 731 1282 743 .

89 777 126 825 et
147 768 203 841 4⁰·
225 766 363 845 editionis
391 788 407 825 r
445 766 511 838 iac,
547 777 577 825 et
603 788 639 825 ex
664 787 702 825 eo
728 769 999 829 consarcinatorem
1028 767 1180 829 Miscellae

91 848 254 909 Historiae
294 844 372 909 libro
406 869 453 925 ¹4·
496 869 531 909 ac
565 851 697 931 priorem
727 860 856 933 utroque
886 850 1101 931 Theophanem
1122 850 1182 921 ‚ad

87 953 213 993 annmn
223 930 331 991 Mundi
354 931 460 1013 593¹*
483 929 538 991 δύο
561 925 728 1010 στρατηγοὶ
750 922 830 1011 ἦσαν
855 930 980 1005 ’Atrius
1001 932 1055 993 καί
1076 934 1179 1011 Bem-

90 1008 232 1096 φᾰτιος,
263 1024 294 1073 et
318 1035 396 1094 quae
426 1025 596 1094 sequuntur
615 1036 670 1075 suo
690 1025 825 1095 tempore
853 1014 1025 1095 vulganda:
1058 1036 1091 1075 ex
1121 1015 1186 1079 boc.

90 1097 213 1178 quippe
225 1096 315 1156 'fonte
338 1107 438 1157 cetera
462 1097 661 1178 prodierunt,
683 1119 760 1177 quae
780 1098 956 1178 posteriores
970 1100 1075 1159 Graeci
1097 1098 1180 1157 Lati-

87 1180 191 1259 nique
216 1181 374 1260 scriptores
400 1179 437 1238 de
466 1179 614 1240 ambobus
643 1200 663 1240 a
682 1180 853 1241 Theodosio
879 1181 999 1241 luniore
1023 1182 1119 1243 missis
1139 1181 1179 1243 ad

86 1261 347 1323 Valentinianum
369 1259 450 1332 'falso
470 1261 670 1323 tradiderunt.
717 1266 857 1323 Ceterum
890 1264 1065 1339 Massiliam,
1096 1263 1179 1325 Pho·

83 1348 265 1405 meeusium
291 1345 322 1405 in
348 1346 537 1407 Narbonensi
557 1345 675 1408 colonia
695 1347 913 1407 nobilissimam
933 1346 1093 1421 coloniam,
1122 1346 1184 1414 ad-¹

85 1426 366 1489 versusAtaulsum
382 1428 527 1489 industria
547 1441 578 1489 et
596 1430 709 1489 virtute
720 1430 863 1489 Bonisacii
884 1428 941 1489 τοῦ
960 1425 1177 1507 γενναιοτάτου

86 1520 216 1571 strenue
235 1522 468 1591 propugnatum,
495 1510 615 1585 nultus,
644 1514 727 1595 qrrod
746 1514 859 1593 sciam,
880 1521 998 1594 praeter
1019 1510 1182 1595 Olympio*

85 1593 206 1657 dorum
225 1594 407 1655 observavit.
597 1619 599 1622 ·

176 1676 255 1756 Pag.
271 1675 301 1736 8.
317 1676 353 1737 Β.
371 1675 456 1759 [457,
473 1675 521 1761 5.]
544 1677 710 1739 Constantii
741 1677 971 1759 constantisque
999 1676 1179 1742 Consulatus

88 1779 177 1819 anno
192 1760 332 1841 congruit
343 1760 495 1821 Dominici
507 1760 623 1823 Natalis
642 1760 732 1839 Μ,
755 1783 938 1843 quamquam
959 1760 1052 1821 solius
1072 1765 1183 1821 occur-J

88 1853 142 1903 rat
179 1841 346 1919 Constantii
382 1846 496 1903 mentio
526 1845 557 1903 in
587 1844 686 1905 Fastis
723 1844 812 1905 ldatii
852 1854 882 1905 et
907 1844 1002 1925 ¹apud
1033 1844 1180 1907 Tironem

86 1925 286 2005 Prosperum.
330 1927 484 2007 Designati
504 1946 612 2001 rocem
631 1950 649 1987 a
669 1928 785 1988 Latinis
808 1926 846 1987 ad
867 1928 997 1987 Graecos
1013 1928 1176 1998 transiisse,

89 2018 211 2069 certum
232 2019 287 2067 est.
329 2010 479 2070 Meursius
500 2011 532 2070 iu
555 2008 727 2087 Glossario,
757 2011 806 2069 cui
834 2019 865 2070 et
891 2009 941 2069 hic
967 2007 1180 2091 Olympiodori

88 2089 187 2151 locus·
199 2093 309 2172 poterit
327 2094 453 2172 posthac
481 2092 639 2169 interseri,
677 2115 712 2154 ex
738 2092 853 2153 Glossis
874 2092 1070 2153 Basilicarum
1102 2090 1178 2152 illud

86 2176 240 2235 unum-in
261 2175 394 2236 medium
421 2176 563 2237 adducit:
597 2169 889 2254 deoryrarealsm‘iat,
919 2165 1177 2235 sinodsr'xvvui‘lar.

89 2257 186 2333 Quod
205 2279 277 2318 vero
296 2259 399 2319 subdit
419 2280 481 2321 nou
499 2280 563 2319 uno
583 2261 616 2319 in
644 2258 712 2318 loco
738 2270 839 2320 noster
868 2259 918 2319 hie
941 2257 1182 2339 Olympiodorus

88 2339 134 2401 de
155 2343 307 2401 immensis
326 2342 496 2422 sumptibus
515 2344 548 2401 in
568 2342 725 2401 consulatu
757 2363 793 2403 ac
805 2355 945 2424 praetura
967 2342 1032 2401 fieri
1052 2360 1178 2401 consue·

88 2424 152 2501 tis,
181 2422 295 2485 collatis
314 2424 445 2487 aliorum
465 2426 646 2505 scriptorum
666 2423 800 2498 laciniis,
839 2423 988 2485 illustrare
1008 2446 1064 2487 uec
1083 2426 1180 2487 ouum

89 2526 150 2565 nec
171 2506 286 2567 animus
304 2518 361 2567 est.
403 2507 561 2568 Videndus
591 2508 692 2569 Iustus
713 2508 832 2589 Lipsius
863 2507 1033 2589 similesque
1063 2508 1176 2569 Roma-

87 2608 151 2649 nae
171 2589 384 2669 magnitudinis
404 2588 611 2651 admiratores.

177 2671 254 2751 Pagi
269 2670 300 2731 8.
318 2672 355 2731 G.
372 2671 460 2756 [457,
473 2670 523 2755 9.]
543 2673 744 2733 Heracliarurs
768 2671 923 2755 affectatae
936 2662 1106 2750 tyrannidis
1125 2692 1182 2733 no-

90 2754 174 2813 mine
190 2756 386 2837 intererrrptns.
426 2754 526 2816 Paulo
540 2756 650 2817 Oresio
670 2758 794 2834 eiusque
806 2755 970 2815 breviatori
984 2754 1082 2813 Paulo
1096 2754 1182 2813 Lon-

89 2836 238 2933 gobardo,
262 2858 316 2897 seu
335 2837 486 2897 Landulso
506 2837 611 2917 Sagaci
631 2840 717 2897 initio
731 2837 785 2896 lib.
801 2838 848 2912 14.
863 2836 1015 2911 Miscellae
1033 2836 1178 2896 historiae

89 2940 185 2999 iunge
205 2920 336 2981 idatium
356 2932 387 2981 et
409 2919 623 2981 Marcellinum
638 2921 670 2979 in
686 2918 862 2991 chronicis,
887 2922 938 3001 qui
958 2916 1045 2999 plura
1063 2918 1178 2979 habent

91 3013 201 3062 notatu
220 3001 406 3085 dignissima.
446 3004 597 3065 Pauciora
619 3002 752 3082 Prosper
773 3004 804 3061 in
825 3002 924 3061 Fastis
951 3002 1046 3061 Lucio
1074 3001 1114 3061 V.
1136 3001 1174 3061 C.

94 3084 248 3159 Consule,
268 3089 354 3147 cuius
375 3085 519 3165 collegam
538 3097 627 3146 vocat
640 3086 722 3146 huuc
738 3084 961 3145 Heraclianum.
1003 3085 1050 3143 De
1070 3083 1177 3145 eodem

90 3168 183 3251 plura
190 3169 329 3230 Zosimus
338 3170 541 3250 suppeditaret
557 3169 726 3246 eruditis,si
735 3171 851 3250 integra
863 3168 902 3227 ad
913 3188 968 3227 uos
983 3164 1064 3226 illius
1079 3165 1176 3227 histo·

90 3254 140 3311 ria
155 3254 351 3332 pervenisset,
367 3274 437 3313 cum
452 3251 531 3313 libro
544 3255 651 3333 quinto
662 3262 796 3312 extremo
809 3252 929 3326 doceat,
951 3249 1047 3309 occiso
1057 3250 1176 3309 Bathn-

90 3337 192 3408 πανὺ),
210 3332 341 3394 militum
362 3338 394 3395 in
415 3356 523 3416 magna
538 3335 635 3416 Libya
658 3337 823 3415 Magistro,
847 3354 979 3415 quocum
1000 3342 1094 3413 nupta
1114 3332 1176 3392 sti-

91 3415 224 3478 lichonis
244 3438 330 3478 soror
352 3430 436 3491 erat,
472 3420 659 3499 provinciam
689 3415 772 3477 illam
800 3416 986 3477 Heracliam
1014 3414 1157 3475 traditam
1165 3460 1177 3490 „
1234 3424 1240 3439 '

90 3500 148 3584 qui
167 3520 259 3561 manu
279 3521 334 3561 sua
354 3499 551 3561 Stilichonem
572 3500 740 3578 interfecit,
774 3502 897 3582 eiusque
923 3497 1065 3558 facinoris
1087 3518 1177 3578 prae-

93 3586 194 3645 mium
222 3584 369 3644 honorem
394 3584 476 3643 bunc
496 3582 590 3660 tulit;
623 3594 654 3643 et
673 3582 752 3643 libro
772 3594 855 3645 sexto
877 3581 1013 3641 Africam
1032 3579 1181 3643 adversus

92 3666 260 3728 mrbmimos
280 3666 319 3727 ab
341 3666 446 3727 Attalo
465 3665 576 3729 milites
597 3666 779 3727 Heraclium
800 3687 892 3748 opera
913 3667 945 3726 in
959 3663 1026 3725 ‚fide
1047 3664 1178 3727 Houorii

89 3752 288 3833 permansisse
308 3759 533 3811 commemoret.

176 3832 294 3913 Papa.
304 3832 342 3893 C.
355 3831 445 3915 [457‚
462 3828 526 3915 19.]
551 3831 713 3910 Quomodo
723 3830 892 3891 Constantii
906 3830 1002 3891 forma
1017 3828 1108 3912 digna
1121 3830 1180 3890 im·

92 3917 198 3999 peris,
220 3919 245 3976 si
266 3918 362 3977 torvis
383 3918 559 3997 magnisque
580 3913 676 3975 oculis
695 3924 725 3973 et
745 3912 881 3975 subtristi
894 3914 1001 3973 tetrico
1045 3912 1177 3991 evultu,

93 4020 152 4060 nec
166 4019 229 4058 non
250 4001 349 4080 capite
369 3996 471 4080 plano,
495 3996 673 4058 incumbens
699 3997 768 4077 equi
789 3994 886 4069 collo,
910 4007 940 4057 et
968 3996 1009 4056 ob
1021 3999 1093 4078 ique
1116 3994 1177 4057 huc

92 4080 225 4164 illucque
244 4087 440 4163 respectans?
466 4078 537 4141 Sola
557 4090 657 4141 erecta
676 4082 776 4140 cervix
790 4080 831 4139 im
870 4080 1017 4141 raterium
1038 4077 1112 4161 quid
1126 4096 1175 4137 re·

90 4174 282 4247 praesentat,
306 4185 378 4227 orm
401 4166 531 4248 Magnus
546 4164 762 4253 Constantinus
784 4162 815 4225 in
838 4182 855 4223 e
876 4164 968 4229 stiam
988 4162 1086 4223 dictus
1107 4159 1173 4221 t'ue·
1182 4166 1209 4222 P.
1227 4186 1262 4242 9,
