3050 4892
429 255 694 333 nnnntnnnr
723 270 929 335 nrsnonu.
1015 292 1020 299 ·
1141 242 1227 351 διδ

148 414 230 486 άλλά
253 414 390 486 καὶτῶν
412 422 677 504 σπουδαζομένων
696 414 767 487 orire
787 424 1035 509 ἀποτεύξεσθαι,
1058 424 1131 517 (οἶα
1150 430 1371 512 uertit-choo
1454 440 1460 449 '

147 520 305 604 τοσαύτην
326 525 413 604 νίκην
433 521 554 606 πράους
578 546 616 585 τε
634 520 690 585 καί
709 519 811 607 πάσης
838 519 1015 602 αύδαδείας
1036 512 1296 633 doadicastri-¹3}
1309 518 1337 568 ¹3

147 643 224 695 νους
242 620 301 683 rori
315 616 497 711 Ῥωμαίων
514 624 671 703 βασιλέως
689 620 943 703 ἐπικομιζόμενοι
971 622 1092 709 λόγους·
1116 635 1170 695 καί
1189 586 1275 707 (έςΤΙ
1296 590 1359 658 Μ

149 717 190 782 ού
208 720 305 800 μόνον
332 711 409 804 άχρι
429 714 578 804 ῥημάτων
600 714 685 807 αύτῷ
703 718 739 784 ro*
763 718 1010 807 φιλάνθρωπον,
1033 734 1150 806 μάλλον
1173 734 1234 809 μέν

121 810 203 883 δοίν
228 816 329 903 ἔργοις
354 819 624 899 ἐπιδεικνυμένου,
648 820 698 907 ’τῷ
720 816 893 895 τοσούτους
925 822 1139 905 δοριαλώτους
1167 836 1233 903 τοῖς

122 918 293 1000 -Πέρσαις
334 912 453 991 αύτούς
481 918 732 999 ε’παναγαγεῖν,)
760 919 882 984 τούτων
913 922 1099 1001 ἐλπιζόντων
1116 950 1152 1007 γε
1174 928 1233 991 av'd'

143 1018 208 1080 τῶν
225 1018 363 1101 κυρῆσαι
374 1011 610 1101 άναμφιβύλως,
626 1019 660 1093 ές
677 1012 860 1085 τούναντίον
881 1022 993 1105 ξυνέβη
1016 1016 1118 1087 άπαν.·
1144 1028 1233 1111 πρυλ-
1253 1043 1259 1073 >

110 1130 114 1136 ’
144 1138 198 1180 τον
238 1118 296 1195 μὲν
326 1112 387 1197 γάρ
425 1113 503 1179 κατὰ
538 1118 637 1195 μέσον
666 1118 736 1201 τῆςκ
753 1117 938 1199 ὁδοιπορίας
967 1122 1030 1185 τῶν
1065 1146 1113 1197 τις
1142 1121 1233 1207 παρά
1294 1122 1324 1189 ι’

144 1217 289 1299 Πέρσαις
308 1222 372 1290 τοῖς
405 1220 578 1295 βασιλικοῖς
605 1238 641 1279 τε
668 1220 724 1281 καί
758 1218 921 1298 δημοσίοις
948 1220 1130 1303 πράγμασιν
1159 1222 1232 1300 rign-³

102 1310 378 1401 ιὀπηρετουμένων
412 1314 426 1398 ί
436 1310 511 1394 οὓς,
547 1312 582 1377 εἴ
609 1339 659 1390 τις
686 1319 725 1403 τῇ
757 1318 905 1382 Λατίνων
931 1320 1084 1403 χρήσοιτο
1114 1324 1206 1407 φωνῇ
1216 1336 1228 1404 ,“

141 1414 312 1498 άσηκρῆτίς
329 1436 365 1475 τε
377 1408 688 1500 προσαγορεύσειεν,)
711 1413 909 1492 ὑπαντιάσας
928 1408 1022 1501 ῆρετο
1051 1428 1135 1505 σφᾶς
1164 1416 1256 1503 δ’,τιμ
1272 1456 1321 1522 ¹⁶9

138 1509 301 1596 βούλοιντό
321 1536 353 1575 τε
371 1515 426 1575 καί
443 1506 505 1591 δ’,τι
524 1508 648 1596 ἥκοιεν,
684 1516 740 1578 καί
761 1511 869 1578 ὁποίαν
892 1516 1108 1597 άποκομίζοιεν
1130 1520 1257 1603 άγγε-δί.
1271 1527 1320 1595 ιι4

139 1614 223 1677 λίαν.
267 1606 347 1676 ἄλλά
371 1610 468 1699 τούτῳ
489 1615 548 1691 μὲν
571 1612 635 1694 οἵγε
655 1614 742 1698 άμφί
770 1616 941 1699 Ζαχαρίαν
963 1640 997 1679 τε
1026 1616 1081 1681 καί
1100 1616 1228 1684 (daddo-i

139 1702 279 1796 pontida
301 1706 527 1795 durantum,
560 1710 606 1786 οἷς
626 1708 666 1775 τά
695 1708 803 1775 τοιάδε
825 1714 869 1801 τῷ
889 1712 977 1797 παρὰ
999 1717 1144 1801 Πέρσαις
1163 1736 1227 1799 gra-t

98 1798 256 1899 ὶ5γίστρηι
277 1806 377 1887 (καθά
402 1814 515 1872 τοῦτον
541 1812 672 1872 καλοῦσι
698 1810 880 1898 Ῥωμαῖοι)
910 1812 1044 1896 ῥητέον,
1076 1818 1131 1875 καί
1152 1816 1228 1897 ούχί

138 1911 239 1997 αύτρῖ.
269 1910 372 1970 ταῦτα
393 1904 533 1983 εἰπόντες
553 1905 672 1989 εἴχοντο
693 1912 750 1991 τῆς
772 1904 907 1986 ὃδοῦ.έξ
927 1908 1046 1973 ἐκείνου
1068 1902 1142 1995 ἧκεν
1160 1912 1225 1977 έτε-
1253 1906 1256 1917 ’

137 2003 195 2095 ρός
221 2019 275 2082 τις
296 2010 331 2071 ἐκ
359 2010 520 2088 Περσων,
549 2002 585 2082 ὃς
619 2003 723 2089 ἔτριβε
742 2004 802 2089 τῆν
830 2005 1015 2091 ὁδοιπορίαν
1043 2010 1152 2087 αύτοῖς
1170 1998 1228 2077 καί

136 2108 319 2187 διαμέλλειν
333 2098 458 2188 ’ἕποιἐι,
480 2108 683 2189 βραδυτῆτος
707 2104 872 2188 χριόμενος
892 2104 1046 2183 ἐπινοίαις
1053 2160 1062 2189 ,
1087 2108 1170 2173 ι’έναι
1189 2126 1228 2175 τε
1263 2160 1265 2162 -

135 2208 172 2280 ές
191 2202 231 2269 τά
250 2201 357 2290 πρόσω
376 2200 422 2287 μῆ
445 2206 629 2289 συγχωρῶν.
658 2208 813 2285 σταθμοῖς
839 2228 872 2268 τε
903 2202 963 2289 γάρ
993 2211 1225 2294 πλησιαιτέροις

88 2308 192 2368 noxae*
210 2298 428 2387 παρασάγγαις
448 2302 564 2385 ύλίγοις
584 2303 716 2387 ἐχρῆτο,
748 2295 857 2367 ittera
886 2296 1001 2380 ἄλλους
1018 2301 1146 2392 χοίρους
1165 2330 1223 2372 πει

132 2403 277 2488 ριφέρων
296 2424 331 2465 τε
353 2404 410 2465 καί
435 2402 641 2482 άποπλανοδν,
671 2404 729 2464 κάκ
757 2398 870 2466 τούτου
900 2400 941 2466 τά
961 2400 1092 2469 κάκιστά
1122 2419 1244 2492 σφισνΒ
1308 2465 1314 2474 ,

134 2504 310 2587 προεδῆλου
325 2530 343 2582 ,·
363 2498 419 2563 καί
437 2501 558 2565 ἐδείκνυ
586 2502 627 2587 τῇ
646 2502 721 2585 περί
748 2498 807 2583 τῆν
828 2498 1016 2587 ὁδοιπορίαν
1044 2503 1144 2593 πλάνη
1166 2505 1223 2570 ori-²

135 2604 189 2668 δέν
211 2625 243 2666 τι
274 2595 509 2686 φιλοφροσύνης
530 2595 688 2682 Ιἐχόμενον
722 2590 742 2683 ἢ
772 2604 827 2683 τῆς
865 2598 1081 2688 προσηκούσης
1110 2606 1222 2681 αι’δοῦς

133 2704 311 2789 πρέσβεσιν.
332 2690 373 2784 ἧν
393 2702 429 2764 δέ
455 2697 493 2763 τύ
515 2698 728 2784 πραττόμενον
754 2696 788 2778 ἐξ
808 2704 975 2784 ἐπιβουλῆς
993 2725 1027 2765 τε
1053 2700 1109 2766 καί
1126 2706 1220 2782 μελέ

206 2821 227 2855 ι.
249 2799 368 2859 οδδενύς
385 2802 457 2854 coni.
475 2800 508 2853 N.
581 2819 620 2855 tr·
638 2815 668 2854 τε
687 2800 740 2854 δελ
759 2798 792 2851 N.
856 2816 897 2854 nr.
916 2800 1040 2853 κάκιστοί
1061 2814 1148 2873 σφισι
1168 2806 1219 2871 tt,

203 2874 312 2925 κάκικα
333 2875 419 2944 upton
436 2872 515 2939 cod„

132 2963 219 3015 lentie
238 2965 364 3015 remotor.
408 2956 505 3030 Neque
523 2971 586 3013 nero
611 2957 699 3008 nolum
721 2974 751 3009 ae
767 2953 857 3008 verbra
887 2972 990 3008 contem
1015 2966 1043 3008 et
1066 2947 1220 3027 benignurn'
1284 3000 1290 3007 .

129 3032 282 3103 praebebat
301 3032 466 3099 Imperator,
484 3044 575 3080 verurn
593 3028 675 3079 etiarn
700 3044 729 3080 re
749 3028 818 3097 ipra,
837 3044 897 3079 curn
920 3034 962 3079 tot
986 3030 1106 3095 captivos
1129 3030 1216 3085 Perait

130 3104 297 3157 restitueret.
332 3102 368 3153 Et
385 3117 419 3151 ea
437 3116 469 3151 eo
487 3097 623 3168 putabant
640 3100 713 3162 sore,
740 3106 773 3150 ut
796 3115 867 3168 quae
885 3098 1045 3167 sperabant,
1069 3100 1129 3151 sine
1148 3118 1214 3154 con-

128 3172 262 3226 troversia
286 3178 525 3242 conaeqrrerentur.
573 3168 627 3220 Sed
653 3168 778 3220 universa
808 3185 851 3219 roa
879 3169 909 3221 in
936 3168 1099 3219 contrarium
1125 3173 1214 3224 vertit.

128 3246 246 3296 Prirnunr
266 3246 340 3295 enim
360 3258 429 3292 unnr
448 3258 481 3291 cx
498 3239 556 3302 hia,
575 3240 623 3309 qni
639 3238 697 3307 regi
715 3239 744 3289 in
762 3238 879 3309 negotiis
899 3246 926 3290 et
946 3240 1027 3307 regiir
1050 3246 1078 3291 et
1097 3240 1214 3307 publicis

129 3314 313 3367 ministerium
337 3312 490 3381 praebent,
509 3327 577 3381 quos
604 3308 696 3360 tarint
724 3326 739 3360 a
766 3312 879 3361 recretis
905 3318 1020 3371 vocant,
1050 3309 1160 3363 obvium
1185 3326 1214 3367 ae

128 3384 222 3437 media
249 3384 293 3434 via
319 3382 415 3450 legatia
438 3380 526 3442 tulit,
559 3386 588 3430 et
612 3395 659 3429 eoa
689 3388 730 3431 eat
751 3390 965 3450 percunctatus,
1000 3379 1066 3449 quid
1092 3383 1214 3449 velient,

129 3472 185 3528 qua
208 3455 241 3507 de
260 3469 339 3505 canan
358 3452 500 3512 venirent,
521 3457 549 3500 et
573 3448 642 3520 quid
661 3452 750 3501 nuntii
779 3451 925 3501 adferrent.
973 3448 1045 3500 Huic
1069 3450 1211 3506 Zachndaa

127 3537 157 3578 et
174 3524 335 3577 Theodorus
360 3520 577 3591 responderunt,
604 3520 634 3571 id
651 3537 705 3571 non
724 3520 782 3583 ilii,
801 3520 849 3572 uod
868 3518 994 3587 magistro
1021 3524 1071 3591 (ut
1091 3522 1212 3595 ioquuuz

125 3605 173 3649 tur
194 3594 319 3664 Romani)
340 3592 493 3645 dicendum.
530 3588 603 3642 Haec
621 3590 669 3641 ubi
689 3589 823 3653 dixerant,
840 3590 909 3641 vium
928 3600 1114 3658 porrexerunt
1149 3594 1213 3651 Port

125 3666 202 3719 lrunc
224 3665 293 3717 aliua
320 3680 431 3735 quoque
456 3680 489 3713 en
508 3661 592 3713 Persio
613 3660 712 3723 venit,
739 3662 786 3731 qui
813 3660 1061 3729 peregrinationem
1080 3665 1135 3715 itttr
1159 3668 1212 3717 irn-

125 3734 281 3808 pediebat:
302 3734 406 3785 tardius
425 3734 499 3784 euim
513 3732 546 3782 de
567 3728 703 3798 industria
721 3730 886 3793 incedebat,
911 3738 939 3781 et
962 3748 1008 3783 eoo
1028 3737 1148 3787 cunctari
1168 3739 1210 3789 sn·

126 3806 237 3868 ciebat,
258 3822 348 3874 neque
365 3804 480 3856 ulterius
499 3800 624 3872 progredi
652 3800 780 3865 cinebat3
805 3803 946 3870 propiores
967 3802 1097 3856 arationes
1122 3809 1208 3875 elige-

125 3879 177 3930 bat
199 3886 227 3931 et
249 3893 346 3945 paucas
366 3890 526 3944 parasangas
545 3872 724 3932 conficiebat,
748 3880 777 3922 et
795 3888 827 3923 cx
850 3872 911 3921 aliia
933 3872 998 3924 locis
1017 3873 1046 3924 in
1075 3876 1127 3927 atta
1154 3879 1211 3931 ioca

126 3946 181 3999 buc
200 3949 267 4000 ilinc
286 3954 406 3999 errantes
424 3954 453 3997 et
472 3943 597 4013 palantes
614 3940 791 3994 traducebat:
812 3949 840 3994 et
858 3944 885 3991 in
904 3956 936 3994 eo
952 3958 981 3994 ιο
998 3942 1055 3995 tttn
1074 3947 1145 3997 maie
1163 3965 1211 3999 cu-

146 4035 192 4069 ere
213 4017 277 4071 ratis
296 4014 443 4067 indicabat.
477 4016 586 4066 Etenim
607 4028 652 4062 eoa
668 4010 744 4063 nulia
763 4010 933 4064 humanitate
950 4013 1069 4078 rotabat,
1089 4024 1116 4068 et
1134 4019 1210 4070 rudia

123 4036 221 4143 babitu
238 4087 345 4140 ratione
362 4085 563 4146 observantiae,
588 4098 658 4153 quae
678 4082 773 4152 legatis
795 4080 927 4147 debetur,
946 4086 1051 4136 riarum
1072 4090 1208 4141 erroribus

124 4158 272 4230 fatigabat·
304 4158 339 4211 Et
359 4154 389 4208 id
411 4154 638 4227 quidem'Persne
662 4150 724 4207 data
741 4170 824 4225 opera
850 4163 878 4209 et
902 4154 1101 4231 praemeditato
1118 4156 1208 4211 conai-
