3050 4892
440 276 467 340 n
499 257 710 342 rmulunur
739 275 945 358 msnouu.
1137 241 1220 332 285

138 453 188 497 νοι
207 429 265 514 τήν
285 431 393 515 δίκην,
429 430 595 516 οἷναιροῦσι
613 430 669 497 τόν
689 428 894 517 Μεζόμηρον.
935 425 1107 508 diesim
1120 430 1370 512 nidov,p.l.c.5tt

138 526 357 615 ἢπρότερον,
378 526 506 611 ἔτεμνον
525 528 584 614 τήν
603 533 661 615 γῆν
679 532 743 597 τόν
775 531 913 614 Ἀντιόν,
944 527 999 595 καὶ
1017 528 1075 593 osis
1098 516 1258 596 α’νιέσανΡ·
1271 531 1314 569 ¹⁰¹

137 627 444 714 ἀνδραποδιζόμενοι
463 627 519 692 aui
537 623 665 711 όγοντές
683 652 717 695 τε
737 630 794 694 καί
813 631 974 716 φέροντες.

222 725 262 790 δ’.
295 720 364 791 Ὅτι
386 728 514 804 edgaro
533 725 752 802 inverencunde
770 725 857 812 παρὰ
889 725 1033 812 ’Apidones
1053 727 1259 811 πρέσβεις,Ᾰ,
1289 749 1357 803 ,552

119 827 197 913 5350’
218 817 244 915 qi
263 828 348 911 σφοῖς
368 827 587 912 περιαθρῆσαι
605 827 680 909 γῆν,
718 821 793 889 duos
823 824 857 891 τό
876 827 979 912 φῦλον
1000 823 1151 910 θήσονται
1169 749 1334 940 τόςξῡῖχῑῡ

136 921 285 1008 οἰκήσεις.
324 922 380 987 κατ’
399 921 416 987 ό
436 926 496 1005 μὲν
513 921 686 1006 βασιλεῦς,
705 925 873 989 inversion
892 927 951 989 τοῦ
971 927 1146 1011 στρατηγοῦ
1165 950 1223 1009 οη·
1248 891 1373 944 “ww

135 1018 298 1106 μήναντός
319 1018 358 1102 οἱ,
372 1022 406 1085 ἐν
425 1025 527 1108 βουλῇ
547 1021 714 1107 ἐποιήσατο
735 1024 768 1100 ἒς
787 1014 847 1106 τὴν
863 1016 1019 1107 Ἐροόλοιν
1034 1025 1147 1108 χώραν
1167 1049 1225 1088 κα-

136 1122 274 1186 τοικίσαι
292 1117 327 1184 τό
349 1117 450 1203 ἔθνος,
471 1117 551 1186 ἔνθα
571 1117 632 1206 πρό
653 1122 713 1186 τοῦ
733 1113 833 1209 ᾤκουν
851 1118 882 1186 οἱ
894 1115 1066 1208 Ἔροολοι·
1092 1125 1224 1209 δευτέρα

137 1223 176 1284 δὲ
195 1214 462 1305 προσαγορεύεται
482 1218 637 1285 Παιονόα·
676 1217 734 1285 κατ’
751 1217 786 1286 εἴ
800 1243 835 1304 γε
855 1224 1000 1308 θνμῆρες
1026 1215 1135 1297 adroic
1155 1225 1224 1304 ἐγέ-

101 1341 233 1402 ιονετο,
263 1317 319 1382 καὶ
343 1320 525 1383 κατένευσεν
547 1312 588 1385 όν
618 1313 635 1384 ό
655 1318 815 1402 βασιλεύς.

136 1409 178 1483 οὗ
196 1441 228 1482 τι
246 1407 340 1506 ᾤοντο
361 1420 428 1483 δεῖν
448 1414 579 1484 ἔσεσθαι
599 1419 706 1495 ἐντός·
738 1421 840 1503 αότῆς
870 1417 932 1504 γόρ
954 1419 1114 1504 δήπουθεν
1134 1416 1222 1484 ε’σότι

136 1515 271 1603 ἐφίεντο.
290 1519 381 1582 τοῦτο
400 1519 461 1596 μὲν
475 1507 534 1580 οόν
554 1517 593 1581 οὗ
612 1507 744 1604 προῦβη,
759 1514 878 1583 ἔστειλε
898 1520 934 1584 δὲ
953 1511 1039 1599 ὅμως
1054 1519 1249 1591 ἸοοστῑνοςΒ

136 1613 157 1680 ό
176 1615 355 1702 στρατηγός
367 1613 442 1690 τοός
460 1618 606 1701 πρέσβεις
624 1619 657 1692 ἐς
675 1614 710 1681 τό
731 1614 936 1699 Βυζάντιον,
969 1613 1109 1701 ἐδήλωσέ
1126 1639 1159 1682 τε
1175 1617 1220 1704 τῷ
1255 1687 1257 1692 ,

133 1719 270 1798 βασιλεῖ,
288 1714 332 1790 ὥς
346 1708 387 1779 όν
402 1718 499 1780 αότοῦ
517 1715 553 1780 ἐν
572 1717 694 1802 κατοχῇ
713 1712 831 1780 ἔσοιντο
852 1713 906 1798 ἐπὶ
924 1711 1015 1780 asold.
1036 1715 1221 1800 ἒφιλοτιοιήι

94 1815 212 1880 ιόσατο
231 1810 291 1899 γὰρ
312 1817 376 1878 τῶν
394 1814 558 1899 πρέσβεων
576 1814 634 1877 ἕνα
654 1806 754 1894 ὄνομα
771 1815 978 1894 Οἶκοονᾲιονν·
994 1817 1028 1877 όν
1049 1811 1221 1900 ἀπορρήτῳ

132 1917 170 1980 τό
190 1911 220 1976 οἱ
241 1911 345 1995 ἔλεγεν
364 1907 382 1975 ό
401 1911 608 1994 Οἰκουνόμων,
626 1907 671 1986 οἷς
689 1912 783 1996 ἕτερα
794 1907 1007 1995 διαλεγόμενοι
1026 1915 1119 1996 ἕτερα
1140 1935 1222 1994 γνισ-

131 2011 329 2094 ματεόοοσι,
351 2009 407 2075 κατ’
425 2005 468 2085 ιός
489 2007 591 2093 λόγοις
609 2011 670 2090 μὲν
687 2010 721 2086 ἐς
740 2008 780 2074 τό
800 2007 941 2092 μάλιστα
960 2011 1100 2093 μετρίοις
1117 2010 1223 2094 χρεόν·

131 2134 189 2174 ται
210 2112 267 2173 καί
285 2109 369 2192 [ὥς]
389 2106 449 2191 τὴν
470 2110 640 2174 ἐπιείκειαν
657 2111 892 2193 παραπέτασμα
911 2102 1143 2194 προβάλλονται
1162 2111 1221 2171 roal

132 2206 233 2271 δόλου
240 2256 251 2287 ,
272 2212 318 2296 τῷ
340 2208 524 2288 ε’μαεόιόοαι
550 2207 648 2290 δῆθεν
676 2204 712 2271 τό
733 2200 846 2272 εόνουν
866 2206 910 2284 οἷς
929 2205 1005 2283 τοός
1020 2203 1218 2288 Ῥωμαίους,

88 2305 178 2383 ποιός
199 2299 241 2371 ἄν
260 2300 360 2394 ταύτῃ
381 2307 641 2392 διαπεροιωθεϊεν
659 2302 715 2370 τόν
731 2298 871 2393 Ἴστρον,
897 2303 933 2372 τό
955 2307 992 2374 δέ
1008 2329 1043 2390 γε
1063 2306 1219 2389 βουλόμε-

131 2427 191 2472 νον
221 2399 330 2483 αότοῖς
359 2407 417 2488 τῆς
443 2403 568 2490 γνώμης
587 2400 656 2488 ἔχει
675 2399 798 2492 ἑτέρως,
829 2410 885 2472 nus*
903 2406 959 2490 ὥς,
982 2402 1045 2490 εἴγε
1066 2405 1219 2468 διέλθοιεν

203 2559 229 2598 a.
247 2534 422 2610 ἢπρότερον
440 2539 489 2601 Η.,
508 2551 538 2589 τε
556 2536 700 2608 πρότερον
722 2538 795 2609 vulg.
847 2540 927 2593 3.ναὶ
948 2546 1011 2591 unte
1030 2535 1150 2609 ἄγοντός
1167 2555 1221 2590 om.

134 2633 137 2638 ·
203 2610 276 2676 vulg.
343 2627 367 2678 γ.
383 2608 526 2679 Ἐροδλων
544 2615 573 2661 et
592 2626 656 2661 mox
667 2608 798 2677 Ἒροολοι
815 2610 865 2672 Ν.,
886 2607 1028 2677 Ἐλοόρων
1046 2619 1074 2662 et
1088 2609 1223 2677 Ἐλουροι

202 2680 273 2750 vulg.
363 2698 401 2733 so.
427 2674 464 2731 όν
488 2687 551 2748 post
569 2682 736 2732 κατένευσεν
755 2697 814 2748 pos.
841 2681 885 2744 lt,
908 2681 949 2749 ἐγ.
971 2676 1007 2733 όν
1027 2696 1051 2730 ν.
1071 2697 1129 2731 τιατ.
1151 2680 1222 2748 vulg.

210 2749 250 2817 14.
261 2747 486 2821 ipsiouosq'ouso
496 2749 584 2814 Cant,
599 2748 842 2820 ἐφιλοποιιίσαντο
860 2750 931 2818 vulg.
988 2767 1026 2818 sp
1036 2747 1221 2819 dodlourulg,

133 2869 248 2925 adducti
268 2870 367 2922 Avares
384 2907 392 2933 ,
409 2875 502 2939 spreta
520 2884 569 2931 ea,
588 2885 659 2938 quae
680 2869 776 2938 legetis
805 2867 939 2931 debetur,
963 2867 1131 2932 reverentia,
1146 2867 1224 2920 nulla

130 2942 231 2995 habits
248 2941 314 2993 iuris
332 2940 448 3004 ratione,
463 2938 642 2991 Memmirum
658 2947 767 2992 necant.
802 2939 837 2990 Et
854 2939 889 2988 ab
905 2955 938 2992 eo
957 2945 1079 3008 tempore
1097 2938 1178 2990 latius
1195 2945 1225 2990 et

130 3010 250 3064 liberius
274 3011 437 3080 depopulari
464 3011 598 3062 Anterum
622 3016 722 3061 terram
740 3016 908 3078 coeperunt,
930 3025 1020 3080 neque
1039 3011 1160 3079 captivos
1177 3015 1225 3060 aut

130 3083 250 3154 praedas
269 3097 348 3150 agere
367 3087 549 3132 cessaverunt

204 3153 230 3221 4.
266 3144 436 3204 lastinianus
451 3151 556 3219 legatos
573 3146 607 3200 ab
618 3147 752 3202 duribus
771 3150 895 3218 excepit,
913 3149 961 3220 qui
981 3147 1173 3216 postulabant,
1192 3155 1226 3201 ut

132 3222 191 3277 illia
211 3223 308 3276 liceret
334 3221 541 3289 circumspicere
566 3227 682 3283 terram,
707 3220 737 3270 in
766 3236 820 3290 qua
839 3234 932 3271 eorum
950 3233 1014 3287 gens
1033 3219 1110 3272 sedes
1130 3227 1158 3272 et
1175 3217 1226 3273 do·

132 3292 240 3346 micilia
257 3299 382 3364 poneret
417 3293 453 3344 lit
470 3291 623 3358 Imperator
642 3288 771 3360 quidem,
800 3289 905 3343 lustiuo
930 3289 999 3342 duce
1019 3289 1150 3342 suadente
1161 3327 1169 3353 ,
1193 3291 1225 3344 in

133 3381 168 3416 ea
186 3370 278 3427 terra,
295 3362 345 3414 ubi
363 3363 439 3430 prius
454 3358 620 3412 habitabant
630 3361 739 3423 lleruli,
762 3377 833 3431 quae
851 3360 969 3412 secunda
988 3359 1127 3412 Pannonia
1144 3376 1226 3412 voea-

132 3441 198 3496 tur,
216 3449 261 3486 eos
279 3433 416 3486 collocare
437 3431 560 3505 animum
578 3431 704 3493 induxit,
724 3439 767 3495 et,
786 3433 809 3482 si
828 3431 883 3482 illis
900 3429 1065 3497 placuisset,
1093 3431 1151 3498 ipae
1169 3449 1226 3484 non

132 3511 209 3558 esset
234 3503 400 3556 adversatus.
438 3501 492 3553 Sed
516 3502 616 3553 Avares
642 3499 753 3566 Scythia
781 3501 836 3559 sibi
861 3499 1014 3552 exeundum
1037 3516 1094 3552 non
1113 3517 1226 3554 censue-

131 3580 209 3638 runt,
224 3574 301 3645 quasi
315 3572 398 3625 huius
417 3571 556 3625 desiderio
566 3569 646 3625 valde
663 3579 832 3628 tenerentur.
870 3569 928 3621 lloe
946 3571 1029 3638 igitur
1049 3571 1100 3623 etsi
1117 3572 1226 3640 irritum

131 3643 254 3708 recidit,
270 3652 362 3697 tamen
380 3643 503 3695 lustinus
522 3644 623 3712 legatos
642 3641 719 3693 misit
732 3641 891 3708 Byzantium
910 3647 939 3691 et
955 3641 1148 3709 Imperatorem
1178 3658 1226 3694 eos

131 3715 308 3786 aliquamdiu
325 3712 449 3766 custodia
471 3712 590 3764 retinere
607 3711 694 3763 iussis
731 3712 850 3763 lustinus
870 3713 943 3762 enim
961 3711 1014 3760 sibi
1036 3713 1228 3766 conciliaverat

131 3803 221 3839 unum
240 3802 274 3836 ex
290 3784 318 3834 le
335 3784 406 3848 atis,
427 3785 644 3838 Oecuuirnonem
662 3783 790 3846 nomine,
814 3782 863 3852 qui
882 3789 984 3834 secreto
1009 3800 1072 3835 eum
1100 3786 1226 3848 monuit,

130 3857 234 3909 Avares
252 3801 335 3906 aliud
347 3855 377 3907 iu
396 3871 444 3908 ore
462 3854 566 3906 habere
584 3861 613 3904 et
629 3851 706 3903 aliud
724 3854 837 3908 sentire.
873 3852 926 3904 Eos
948 3851 1047 3906 blanda
1067 3869 1149 3923 quam
1168 3869 1227 3906 ma-

130 3927 208 3979 xime
228 3925 356 3977 oratione
383 3928 425 3977 uti
451 3934 480 3978 et
506 3941 573 3977 suae
595 3921 685 3975 fraudi
704 3920 855 3975 obtendere
876 3923 1028 3975 simulatam
1047 3939 1108 3994 erga
1127 3926 1227 3976 Roma·

130 4013 184 4050 noa
201 3993 443 4058 benevolentiam,
461 3995 598 4064 tantisper
615 3993 680 4046 dum
693 3993 794 4043 Istrum
809 3991 962 4056 traiioiant‚
981 3994 1029 4047 sed
1047 3995 1128 4066 longe
1146 3995 1228 4047 aliter

134 4063 184 4128 id,
199 4064 276 4137 quod
294 4064 325 4118 in'
344 4073 440 4118 ments
475 4072 570 4128 erant,
589 4081 617 4117 se
635 4062 745 4116 habere.
782 4063 890 4115 Etenim
915 4063 997 4117 simul
1021 4073 1105 4136 atque
1128 4064 1227 4118 Istrum

134 4136 353 4201 mulserint,
388 4151 405 4189 o
454 4139 515 4194 'us
533 4135 619 4209 copiis
637 4151 684 4189 eos
704 4135 735 4187 lu
753 4131 857 4191 bellum
875 4143 1030 4208 erupturos.
1065 4134 1145 4206 Quas
1165 4149 1225 4186 eum

92 4246 97 4254 a
