3050 4892
1004 143 1018 184 ι

243 227 297 290 xli
668 221 905 290 indusium.

240 380 409 434 bibliotheca
420 343 768 436 Gaesareaviodobnnensi
778 395 917 449 euperesse
927 377 1101 441 innotuisset,
1117 389 1189 430 auno
1205 385 1318 449 praete·

244 486 297 538 rito
318 483 415 548 edidit,
432 484 472 536 ita
491 485 632 536 annotavit
648 491 679 536 ut
695 482 768 536 nihil
785 483 860 555 quod
876 481 939 534 sddi
953 481 1043 551 possit
1061 481 1123 533 aliis
1140 480 1317 553 relinqueret.

242 587 334 655 Ipsum
352 587 515 658 grummatlcl
534 601 641 640 cermeu
648 586 829 640 bobiensibus
847 584 1011 637 membranis
1025 583 1133 637 erudite
1153 593 1182 638 et
1198 582 1318 654 diligen-

242 695 287 742 tur
303 692 447 761 scriptum,
470 691 504 744 sb
529 690 633 744 editore
652 692 720 745 odeo
737 694 862 743 accunte
881 701 1035 758 expressum
1052 693 1102 751 est,
1120 695 1153 740 ιιι
1176 687 1224 740 vix
1243 685 1318 739 nllus

244 793 479 847 emendationibus
497 795 528 846 ιιι
546 810 578 846 eo
596 793 671 845 locus
688 793 732 844 ιιι.

313 896 468 950 Perisicneis
486 896 571 949 editio
589 898 660 948 circa
678 909 820 964 operarum
840 911 944 948 errores
961 893 1056 948 eedem
1077 892 1211 964 flagitiose
1227 892 1321 962 negli-

244 1001 334 1069 gentia
352 1004 446 1051 curata
464 1004 505 1050 eet
528 1015 581 1068 qua
604 998 724 1069 reliquae
748 1003 812 1067 post
829 996 1061 1060 Cantaeuaenum,
1077 1003 1224 1066 antequam
1241 993 1319 1045 Can-

161 1171 164 1179 (
245 1102 304 1170 gius
324 1100 415 1169 operis
433 1115 523 1152 curam
541 1102 572 1153 in
590 1117 619 1154 ee
635 1102 800 1170 rusciperet3
817 1099 911 1153 inutili
927 1109 957 1153 et
972 1099 1065 1152 ielleei
1084 1105 1210 1166 typorum
1226 1097 1323 1166 splen·

244 1201 312 1254 dore
329 1207 447 1254 ornatae.
472 1201 628 1272 Spbelmala
641 1202 723 1255 huius
741 1202 847 1272 generis
863 1217 915 1273 ope
930 1201 1144 1255 Hoesebelinnae
1159 1200 1322 1254 sustulimus

243 1306 378 1376 plurlms3
395 1309 538 1370 restituto,
556 1317 588 1360 ut
599 1307 640 1375 de
653 1287 807 1360 ιιιίιιοιιιιιιιΙ
821 1315 942 1371 succum,
959 1321 1037 1359 versu
1054 1306 1159 1372 integro
1179 1303 1227 1374 qui
1244 1303 1323 1354 exei-

245 1407 337 1473 derst3
360 1409 409 1459 sed
432 1409 466 1461 de
488 1409 531 1462 bis
552 1409 709 1481 siugulatim
728 1425 840 1464 monere
859 1410 996 1464 bekkerue
1022 1411 1117 1463 vetuit.
1154 1407 1320 1478 Ubicunque

244 1512 330 1582 igitur
348 1512 481 1566 eiusmodi
499 1514 602 1567 mentio
620 1515 792 1576 invenietur,
817 1515 846 1567 id
872 1521 983 1583 propter
1000 1512 1165 1582 peculiarem
1181 1507 1321 1579 quandem

245 1616 379 1670 rationem
397 1616 498 1669 tactum
524 1625 583 1680 est,
609 1631 679 1688 quae
705 1624 798 1670 tamen
823 1616 937 1669 sortasse
962 1627 1018 1666 nou
1035 1627 1142 1682 semper
1166 1610 1321 1682 apparebit.

244 1717 301 1772 Sed
325 1716 477 1790 quamlibet
503 1719 596 1772 multis
623 1721 768 1783 eoreeotlr,
791 1717 914 1771 editione
941 1719 997 1769 iera
1020 1717 1078 1769 iere
1098 1713 1239 1776 absoluta,
1260 1715 1321 1768 vidl

246 1820 381 1892 quaedam
408 1837 464 1876 uon
490 1819 574 1873 luisse
599 1823 800 1874 animadversa:
827 1817 1019 1892 quamobrem,
1049 1821 1146 1872 iterata
1173 1817 1320 1870 collatione

245 1923 365 1978 universi
384 1925 536 1996 eclogarum
552 1923 587 1978 de
604 1919 789 1994 legationibus
806 1923 906 1993 operis,
926 1924 979 1976 ista
992 1923 1064 1975 inter
1074 1919 1198 1974 addenda
1215 1927 1244 1973 et
1260 1934 1321 1976 cos·
1412 1923 1417 1928 “

246 2029 361 2100 rtgendo
378 2029 518 2099 proposui.

316 2129 394 2197 Quae
407 2129 509 2193 ‘Suidas
527 2129 642 2180 servavit
659 2143 714 2180 uon
733 2125 985 2210 attigitbeklerus3
1004 2130 1034 2179 in
1051 2127 1094 2181 his
1113 2143 1223 2200 quoque
1246 2143 1320 2183 uou-

244 2230 321 2283 nulla
345 2233 457 2282 correxi.
493 2229 618 2282 Pbotiuru
648 2227 729 2292 dedl,
751 2237 813 2285 utu
836 2227 959 2282 Bellero
977 2228 1066 2282 editus
1087 2241 1144 2296 est3
1171 2232 1226 2284 nisi
1245 2229 1320 2302 quod

247 2335 277 2386 lu
294 2329 376 2383 rebus
395 2346 464 2402 quae
482 2347 516 2382 cx
537 2331 652 2385 historia
670 2331 808 2400 pendent,
825 2333 911 2384 varias
929 2330 1032 2384 babbei
1045 2371 1053 2398 ‚
1067 2322 1157 2385 semei
1169 2341 1260 2384 sutem
1275 2332 1321 2385 sel

246 2434 289 2487 bis
308 2449 381 2486 mesa
399 2433 484 2503 ipsius
505 2433 707 2486 emendationes
734 2433 897 2503 receperim:
921 2434 1013 2502 pluree
1036 2436 1151 2488 sortasse
1168 2435 1242 2488 locos
1259 2433 1322 2488 tea'-

246 2543 368 2598 taturus,
386 2537 440 2588 nisi
460 2535 527 2588 milri
546 2544 681 2590 constaret
697 2535 825 2591 rhodon
842 2537 872 2590 in
890 2535 1042 2590 scribendis
1060 2537 1217 2592 nominibus
1241 2553 1321 2607 supe

247 2653 362 2702 errssae3
384 2654 400 2689 ι
426 2639 527 2708 quibua
554 2639 717 2708 corrigendis
740 2638 841 2692 editori
865 2640 1059 2694 abstinendum
1084 2647 1132 2695 est
1162 2640 1321 2705 Vereioues,

248 2743 321 2796 Porti
339 2757 394 2792 neu
412 2756 511 2810 saepe,
529 2739 633 2794 Scbotti
652 2757 791 2811 utinquam
807 2745 921 2795 correxi.

203 2921 206 2930 ,
316 2843 356 2896 Ea
367 2843 523 2912 biscoguita
536 2845 671 2898 editorum
689 2862 780 2915 opero,
795 2848 842 2898 vix
851 2863 919 2916 opus
929 2856 971 2901 est
982 2849 1126 2918 explicere,
1141 2863 1320 2920 quaecunque

248 2953 278 3005 ln
297 2949 407 3002 scholii·
429 2947 530 3000 criticis
546 2947 649 3001 litteris.
663 2952 692 3000 B.
712 2957 740 3002 ct
755 2950 787 3003 N.
806 2949 1025 3019 distinguuntur,
1041 2950 1245 3004 emendruoueo
1262 2965 1321 3004 esse

248 3069 318 3124 quae
337 3051 505 3113 bekkerum,
523 3067 620 3122 meque
640 3048 760 3104 habeant
777 3059 915 3106 auctores:
946 3051 1103 3106 Classenum
1127 3054 1228 3125 quibus
1252 3052 1321 3106 duae

248 3155 357 3210 litterae
376 3155 415 3208 ct
430 3151 545 3206 *additae
563 3159 634 3206 suut.
662 3153 803 3225 vulgatam
815 3151 919 3226 (vulg.)
935 3171 993 3207 esna
1012 3157 1070 3209 dixi
1087 3144 1235 3209 lectionem
1253 3163 1322 3227 qaae

252 3257 287 3307 ab
307 3256 504 3310 lloesehelians
526 3255 647 3310 editione
676 3273 725 3326 per
743 3259 891 3310 Parisiuam
913 3263 996 3330 atque
1019 3259 1151 3312 Venetam
1176 3265 1324 3328 propagata

251 3365 299 3410 est
335 3357 450 3426 Quoties
470 3359 542 3411 nihil
559 3368 667 3428 praeoer
684 3359 755 3413 illud
771 3364 849 3433 vulg,
860 3360 895 3412 ad
911 3363 1039 3414 reieotarn
1058 3361 1204 3416 lectionem
1220 3361 1323 3415 adseri·

250 3458 340 3519 bitur,
358 3458 412 3510 hoc
428 3461 624 3528 significemus:
643 3453 871 3528 emendationem,
888 3463 1090 3518 siseBelkerue
1107 3481 1166 3517 eam
1183 3481 1199 3515 s
1215 3481 1260 3518 me
1277 3467 1323 3517 ine

249 3562 369 3614 venisset
384 3564 558 3629 propositam,
576 3565 632 3617 sive
653 3581 710 3616 erm
728 3566 882 3634 concipere,
896 3575 928 3620 ut
935 3583 1016 3638 seepe
1034 3567 1083 3630 ιιι,
1101 3556 1204 3619 obiitus
1221 3583 1322 3630 essem,

252 3664 290 3714 ita
307 3661 477 3714 manifestam
493 3664 580 3718 sideri
601 3676 632 3720 ιιι
651 3667 686 3720 ab
705 3671 870 3738 unoquisque
890 3685 946 3721 non
958 3669 1103 3723 admodum
1120 3671 1258 3736 incurioso
1275 3679 1323 3723 aut

249 3762 362 3816 indocto
379 3763 500 3816 inveniri
514 3762 632 3823 deberet
669 3768 750 3840 Signa
767 3767 788 3833 †
804 3777 833 3822 et
852 3772 890 3835 it,
907 3773 1021 3842 antiquo
1039 3787 1114 3825 more
1130 3772 1258 3836 reductu,
1274 3789 1324 3842 sp*

251 3866 331 3935 posui
349 3881 403 3934 quo
421 3865 567 3918 indicarem
583 3867 669 3922 locum
683 3879 849 3942 corruptum,
868 3875 912 3925 cul
927 3872 1062 3928 medendo
1071 3873 1241 3944 probabilem
1259 3889 1325 3927 coa·

251 3970 384 4022 lecturum
403 3965 524 4019 viderem
542 3966 662 4034 nullam,
680 3991 735 4026 ιιοιι
753 3973 912 4045 typothetae
929 3977 997 4031 vido
1014 3975 1154 4039 laborare,
1175 3977 1223 4028 sed
1241 3977 1323 4047 plane

156 4125 163 4140 ¹
250 4071 291 4122 ita
315 4068 350 4121 ah
367 4068 530 4134 lloescbelio
557 4069 658 4136 editum
680 4091 745 4135 usse.
782 4079 820 4137 Au
848 4087 912 4135 suat
936 4087 1007 4134 certe
1030 4080 1110 4153 pluro
1127 4097 1206 4156 quam
1225 4079 1323 4156 uellem
