3050 4892
323 661 410 725 ΕΚ
451 659 583 722 ΤΗΣ
628 651 985 723 teroem}

158 809 597 908 MENANAPOY
656 809 1150 903 ΠΡΟΤΙΚΤΟΡΟΣ

186 991 437 1061 BKAOsAl
456 992 596 1055 ΠΕΡΙ
620 989 915 1054 ΠΡΕΣΒΕΩΝ
938 990 1123 1056 ΕΘΝΩΝ

402 1087 914 1195 nros'ruunsorz.

424 1407 503 1470 Ex
543 1405 884 1470 HISTORIA

132 1556 1179 1664 MENANDRIPROTECTORIS

180 1737 405 1808 EXCERPTA
426 1739 484 1799 DE
510 1731 825 1799 LEGATIONIBUS
845 1737 1133 1800 BARBARORUM

459 1883 483 1935 A
503 1883 529 1935 D
570 1883 593 1932 R
610 1881 635 1934 0
652 1881 683 1934 id
699 1883 723 1934 Δ
738 1881 765 1934 Ν
786 1883 810 1936 0
829 1881 856 1934 S.

501 2165 817 2230 ARGUMENTUM·
882 2163 887 2174 '

175 2337 301 2390 ⁸Avares
317 2350 336 2385 a
347 2331 501 2384 lastiniam
518 2329 596 2388 sedes
610 2345 708 2403 petunt
724 2333 803 2386 intra
813 2329 894 2404 finss
910 2330 1017 2401 inperii
1025 2333 1198 2407 Bamani(t).

125 2406 210 2462 lidem
227 2425 247 2458 a
269 2403 432 2457 Iustiniana
461 2403 590 2472 instigati
616 2404 688 2456 bella
704 2413 805 2475 gerunt
831 2417 890 2452 cum
918 2405 1054 2456 Hunnicis
1070 2407 1197 2476 gentibus

123 2479 171 2601 Sp).
206 2473 384 2534 Mcsamirus,
403 2469 538 2525 Anterum
552 2470 592 2524 ad
603 2476 710 2525 Avares
726 2474 845 2542 legatus,
861 2471 895 2522 ab
904 2469 948 2524 lu's
967 2474 1135 2529 interimitur
1149 2479 1196 2546 (3).

149 2549 226 2617 egati
245 2548 366 2597 Avarum
386 2540 426 2592 ad
440 2560 530 2594 novas
553 2539 630 2594 sedes
643 2541 777 2612 petendas
796 2543 873 2594 missi
889 2543 1021 2606 Byzantii
1038 2543 1199 2600 detinentur

123 2618 178 2687 (4)
211 2616 332 2668 liutinus
354 2613 478 2664 Avarum
502 2612 677 2665 conditiones
701 2613 813 2682 superbe
839 2612 943 2680 respuit
960 2614 1007 2696 (5).
1041 2616 1107 2670 Post
1123 2635 1199 2671 mas-

125 2699 182 2739 tem
201 2684 297 2744 Ziclsi,
323 2683 467 2736 Persarum
490 2681 594 2752 legati,
620 2679 749 2735 Mebodes
773 2682 938 2750 Byzantium
956 2686 1088 2737 mittitur:
1109 2703 1198 2756 neque
1223 2725 1228 2738 .

127 2757 187 2826 ipss
210 2769 259 2806 nec
278 2753 481 2805 Saracenorum
500 2752 605 2820 legati,
633 2769 747 2822 quarum
772 2769 881 2804 causam
906 2749 983 2820 apud
1007 2755 1203 2824 Imperatorem

125 2825 210 2894 agit,
230 2839 299 2892 quae
317 2825 444 2892 cupiunt,
464 2823 668 2890 impetrantffi).
704 2823 856 2875 lurcorum
863 2821 951 2890 legati
972 2839 990 2872 a
1007 2823 1097 2877 Persis
1117 2825 1205 2895 spreti

124 2892 291 2962 Byzantium
312 2891 531 2962 proficiscuntur
553 2889 593 2942 ad
609 2894 771 2961 commercia
795 2907 854 2944 cum
870 2890 1001 2943 Romanis
1017 2892 1138 2963 petenda
1156 2892 1203 2963 (7).

124 2960 294 3017 Zsmarclsus
311 2978 329 3011 a
355 2961 494 3030 legatione
512 2957 552 3010 ad
569 2961 673 3013 Turcvs
689 2960 799 3015 rediens
823 2963 932 3030 magnis
949 2962 1060 3014 itineris
1079 2963 1110 3016 di
1145 2963 1207 3014 sul-

125 3033 231 3087 tatilus
247 3044 276 3085 et
288 3029 423 3101 periculis
442 3029 556 3082 laborat
570 3029 606 3099 (8.
624 3030 662 3099 9).
696 3033 805 3084 Avares
824 3042 850 3082 et
868 3031 974 3083 Franci
988 3031 1088 3099 fisedus
1107 3045 1206 3086 insunt

124 3103 191 3176 (ιο).
239 3103 298 3154 Lan
317 3098 484 3153 alardorum
507 3101 595 3168 legati
620 3105 728 3154 Avares
749 3111 849 3152 contra
877 3097 996 3169 Gepidas
1021 3114 1047 3154 et
1070 3104 1208 3156 Romanas

125 3173 284 3227 sollicitant
298 3117 364 3240 lu).
401 3167 580 3238 Langobardi
605 3186 679 3223 nunc
698 3171 732 3221 al>
757 3169 909 3230 Avarities,
937 3187 1011 3224 nunc
1034 3191 1053 3225 a
1076 3174 1208 3226 Romanis

124 3241 238 3296 auxilia
252 3251 351 3310 petunt
364 3237 429 3308 (12).
463 3239 599 3297 Baianus,
607 3247 731 3293 Avarum
740 3238 892 3310 chaganus,
904 3239 1011 3309 legatos
1025 3243 1209 3296 Romanorum

123 3315 160 3366 in
180 3311 299 3364 vincula
323 3310 441 3361 coniicit
470 3308 535 3377 (13).
587 3306 663 3361 Idem
692 3323 754 3380 post
784 3310 884 3362 multas
907 3308 1123 3376 disceptationes
1149 3329 1209 3365 turn

123 3384 223 3443 Bana,
246 3379 430 3433 &manarum
452 3375 539 3439 duee,
564 3380 654 3432 iratus
682 3381 716 3431 ab
734 3377 878 3432 obsidione
908 3381 1003 3432 Sirmii
1019 3379 1124 3435 recedit
1144 3381 1210 3450 (14).

123 3451 251 3521 Superba
260 3451 381 3518 Targs'tii
395 3451 538 3518 postulata
551 3451 686 3502 aIustino
702 3466 763 3500 cum
775 3461 929 3516 contemptu
943 3449 1130 3520 repudiantur
1144 3449 1209 3524 (15).

127 3521 218 3575 Blerci
235 3521 371 3573 lustinum
393 3516 432 3570 ad
455 3518 554 3572 bellum
579 3535 640 3570 cum
660 3521 750 3572 Persis
777 3516 970 3571 renovandum
999 3523 1122 3576 incitant
1142 3523 1209 3593 (tii).
1300 3513 1303 3519 ¹

123 3592 252 3644 Iustinus
268 3590 362 3641 nullas
379 3593 504 3641 Avarum
525 3585 700 3642 conditiones
713 3587 836 3641 admittit
852 3587 919 3656 (ις’).
959 3589 1019 3642 Pan
1037 3595 1211 3662 componitur

126 3661 208 3715 inter
223 3661 360 3713 Romanus
386 3669 413 3709 et
435 3660 544 3710 Avares
564 3658 628 3726 (18).
675 3663 799 3712 Avarum
820 3659 845 3710 le
865 3659 907 3709 ati
925 3677 944 3710 a
961 3659 1116 3714 latronibus
1134 3667 1211 3734 espi-

126 3731 184 3784 lati
200 3748 247 3784 res
262 3745 327 3781 suas
347 3746 365 3779 a
384 3727 496 3780 lilerio
513 3741 641 3796 repetunt
659 3728 724 3798 (ῳ)
759 3674 919 3782 servulum
939 3731 1073 3799 legatusa
1092 3732 1215 3787 Clsvsroti

128 3799 171 3853 ad
188 3802 326 3854 lustinum
345 3799 441 3850 missus
458 3795 607 3867 adjoedus
624 3799 699 3850 inter
719 3799 821 3852 Persas
839 3809 866 3850 et
890 3799 1025 3853 Romanos
1045 3805 1212 3857 instauran-

132 3869 200 3925 dum
214 3872 282 3941 (πο).
317 3869 432 3920 lacobus
450 3868 611 3920 iruulentem
622 3868 750 3920 Chcsrois
766 3869 908 3937 epistolam
920 3870 1031 3924 Tiberio
1049 3885 1076 3925 et
1093 3873 1212 3942 Sophiae

129 3945 273 4014 Augustae
301 3936 389 3990 tradit
415 3940 481 4006 (αι).
515 3938 641 3990 Snlirum
660 3950 688 3990 et
704 3938 857 3990 Alanorum
886 3940 972 4008 legati
988 3939 1022 3993 de
1040 3959 1109 4012 pace
1126 3954 1213 4013 agunt

131 4027 193 4065 cuns
213 4010 327 4064 Tiberia
347 4009 465 4060 Caesare
482 4006 549 4075 (αα).
582 4007 766 4060 Romanarum
786 4021 812 4061 et
830 4009 974 4061 Persarum
993 4011 1082 4082 legati
1099 4015 1129 4064 in
1148 4031 1214 4066 con-

129 4079 213 4150 finiis
232 4081 378 4148 utriusque
396 4079 505 4146 imperii
521 4078 694 4130 conveniunt
712 4077 777 4147 (23).
813 4079 970 4132 Zacharias
986 4094 1014 4134 et
1030 4081 1160 4134 Mebodes
1180 4079 1214 4134 de

129 4167 201 4218 pace
219 4153 294 4206 inter
309 4151 446 4204 Romanos
468 4162 494 4200 et
514 4149 610 4203 Persas
620 4147 792 4204 restituenda
811 4165 911 4220 aguru:
925 4151 1042 4204 Romani
1058 4153 1215 4206 Pes-surus·
