3050 4892
367 396 369 400 ,
429 326 692 393 eumanum
723 322 928 389 rrrsroara.
1129 288 1208 376 331

135 478 246 566 ιἰμίλει
266 480 367 569 λῦτρα
386 477 499 547 τοίνυν
518 482 577 545 τοῦ
596 477 752 566 φρουρίου
774 482 877 542 ταῦτα
897 473 1113 557 intermeat
1127 471 1291 537 ἀντι-ιο.
1305 476 1363 551 ⁵79

133 586 259 666 βολοόν,
291 580 349 665 τήν
388 580 571 665 πολιορκίαν
606 578 833 643 καταλύσοντα.
873 575 957 660 α’τοὶρ
994 570 1010 640 ὃ
1041 554 1346 680 στρατηγὸςῙήξξιξέἒ·Ἇ

137 678 246 765 ἐπειδή
267 684 368 745 ταῦτα
389 675 566 759 ἐθεάσατο,
587 670 626 741 οὗ
645 674 831 763 προσήκατο,
848 677 949 739 καίτοι
963 676 1089 757 ἓρίτιμα
1101 665 1221 752 τυγχοὶ-
1312 660 1318 675 ’

136 802 247 843 νοντα·
270 774 357 861 ἥξειν
374 772 436 862 γάρ
457 774 595 862 ἔφασκεν
613 776 652 839 οὐ
680 771 721 837 τὰ
754 769 826 857 ἱεροὶ
846 768 1029 837 σκυλεύσων
1058 760 1128 834 οὔτε
1154 763 1222 849 μήν

114 880 270 965 ᾶΧριστηῖ
291 876 531 959 μαχησόμενος,
569 871 650 939 diti
682 870 742 939 σύν
771 873 900 959 Χριστῷ
926 868 1136 951 πολεμήσων,
1168 861 1223 928 καὶ

136 980 258 1057 μᾶλλον
285 969 525 1057 ἆξαιρησόμενος
553 970 626 1048 τούς
658 967 832 1053 ὅμοδόξους
860 968 941 1054 πρὸς
972 969 1037 1033 τοῖν
1055 967 1114 1031 οὖν
1134 960 1247 1049 opeda

139 1068 339 1157 φρονούντων
359 1074 507 1156 Περσῶν.
547 1066 617 1136 εἶτα
638 1070 672 1134 ἐν
692 1064 866 1157 οἶποῤῥήτφ
885 1066 969 1144 ἔλεξε
995 1069 1040 1153 τῷ
1068 1062 1331 1150 ἱερουργιηῖλί.85’

138 1168 199 1237 ὅσα
220 1172 338 1255 ἐχρῆν,
359 1158 561 1254 σονεχοὶρησί
579 1192 613 1234 τε
633 1161 733 1243 αὖθις
759 1166 835 1232 εἴσω
865 1168 1014 1249 γενέσθαι
1047 1167 1106 1229 τοῦ
1126 1186 1223 1249 φρου·

140 1269 223 1361 ρίου.
264 1269 308 1345 αἱς
327 1269 363 1333 di
383 1270 519 1353 ἐπανῆκε
537 1266 574 1333 τὸ
594 1273 778 1333 τελευταῖον
808 1290 826 1330 ο
857 1288 962 1351 ιερευς
993 1288 1011 1328 o
1039 1267 1222 1347 βαρβαρος,

103 1372 195 1444 maai
212 1366 307 1433 οὐδὲν
328 1367 437 1434 ὁτιοῦν
455 1369 490 1443 ἐς
508 1366 543 1433 τὸ
563 1365 623 1432 iot
649 1370 706 1451 τῆς
725 1362 851 1451 γνοόμης
871 1366 1064 1451 ἐφθέγξατο,
1092 1363 1127 1438 ἐς
1149 1352 1228 1426 τοίω·

139 1472 265 1534 ναντίον
284 1469 345 1549 μὲν
361 1460 424 1533 ,οὖν
454 1464 496 1532 τὰ
517 1469 657 1551 Περσῶν
676 1466 864 1552 ἐπεφώρατο
885 1460 1121 1545 ἐπαξόμενος,
1151 1465 1224 1538 ξολ·

140 1565 337 1649 λαμβάνεται
355 1568 415 1647 μὲν
435 1560 488 1649 ὅγε
508 1569 563 1631 καί
583 1563 613 1630 οἱ
633 1566 691 1643 §vir
718 1560 822 1654 αὐτῷ,
851 1556 947 1641 αὖθις
975 1567 1012 1628 δὲ
1039 1564 1225 1645 ἐγκελευσα-

137 1666 236 1747 μένου
255 1667 313 1731 τοῦ
333 1669 528 1749 στρατηγοῦ,
551 1662 672 1747 εἴχοντο
692 1667 749 1747 τῆς
766 1666 951 1746 πολιορκίας
968 1660 997 1726 οἱ
1013 1662 1180 1741 Ῥωμαῖον.

222 1760 291 1838 κθ’.,
315 1758 385 1828 ’Ότι
406 1757 525 1827 Ἰταλία
545 1762 599 1829 ἐπὶ
622 1764 685 1827 ταῖν
716 1759 948 1847 Λογγιβάρδων
977 1757 1094 1841 σχεδὸν
1114 1753 1225 1822 ἅπασα

101 1859 350 1946 ιόἕπεπόρθητο.
391 1858 442 1925 διὸ
462 1858 502 1944 δή
523 1860 579 1925 καί
597 1860 632 1925 ἐκ
653 1862 709 1943 τῆς
737 1855 912 1942 συγκλήτου
940 1862 1056 1941 βουλῆς
1076 1860 1134 1940 τῆς
1153 1878 1229 1941 πρε·
1324 1889 1327 1900 ·

137 1963 294 2045 σβυτέρας
308 1956 432 2043 Ῥώμης
453 1954 522 2040 ἅμα
541 1956 681 2043 ἱερεῦσιν
715 1960 751 2023 ἐκ
771 1961 830 2023 τοῦ
852 1959 1051 2042 προεστῶτος
1071 1956 1159 2041 [τῆς]
1188 1956 1256 2019 dvc

135 2054 244 2145 Ῥώμη
267 2061 331 2123 τοῖν
353 2056 448 2142 ἱεροῦν
468 2058 680 2143 πεμφθέντων
699 2059 809 2136 τινοῖν,
840 2056 1045 2140 παρεγένοντο
1074 2056 1230 2138 πρεσβευ-

139 2157 247 2241 όμενοι
267 2153 311 2230 ὥς
330 2151 386 2221 τὸν
407 2152 643 2239 αὐτοκράτορα,
674 2164 740 2231 τοῖς
770 2156 869 2219 ἐκεῖσε
897 2158 1025 2236 μέρεσιν
1045 2151 1230 2237 ἐπαρκέσαι.

140 2248 209 2320 ἀλλ’
226 2251 245 2315 d
265 2250 430 2337 Περσικὸς
453 2249 586 2333 πόλεμος
606 2256 640 2318 ὃν
655 2251 808 2342 Ἀρμινίρ
826 2275 860 2317 τε
880 2248 962 2317 κατὰ
982 2248 1102 2316 ταιίτὸν
1121 2248 1177 2315 καί
1195 2250 1231 2325 ἐς

101 2350 180 2421 nord
203 2354 278 2435 περί
292 2349 351 2436 τήν
372 2346 453 2439 ἑῴαν
472 2350 665 2436 ξυνεστηκοὸς
685 2376 721 2417 τε
741 2353 801 2417 καὶ
817 2354 875 2417 ου’κ
894 2347 1078 2436 ἀπολήγων,
1108 2352 1230 2431 μᾶλλον

140 2453 200 2534 μὲν
221 2444 279 2516 οὖν
298 2452 353 2515 ε’πί
372 2449 412 2515 τοὶ
431 2453 561 2532 μείζονα
584 2454 724 2537 δυσχερῆ
743 2450 964 2535 ἐκτεινόμενσς,
984 2450 1139 2533 οὔδεμίαν
1159 2450 1232 2525 ἄξι-

144 2550 252 2633 όλογον
275 2548 476 2634 συνεχώρησε
496 2549 647 2634 στρατιάν
665 2575 701 2614 τε
720 2551 776 2615 τὸν
796 2546 1032 2637 αὐτοκράτορα,
1062 2552 1138 2615 ου’δὲ
1165 2548 1232 2631 μὴν

146 2646 337 2734 ἀποχρῶσαν
364 2658 430 2723 τοῖς
456 2650 556 2715 ἐκεῖσε
574 2646 741 2737 πράγμασι
761 2648 898 2733 δύναμιν
918 2657 1047 2717 στεῖλαι.
1089 2644 1176 2732 ὅμως·
1193 2648 1233 2713 δὲ

216 2816 241 2869 b.
257 2814 370 2889 λρίτιμα
386 2816 431 2880 tt,
448 2815 572 2890 λριίτημα
594 2819 666 2890 mig.
722 2838 762 2875 ra·
785 2817 818 2873 at
835 2835 888 2871 om.
906 2817 978 2889 vulg.
1036 2818 1075 2886 τί.
1092 2813 1152 2869 atat
1170 2812 1204 2869 N.
1294 2893 1301 2913 x

147 2986 218 3041 quae
229 2968 281 3023 Dei
294 2970 382 3023 euitui
404 2969 606 3038 inserviebant,
624 2974 660 3027 ad
677 2974 843 3026 Mauricium
869 2972 961 3034 misit,
979 2987 1069 3037 orans,
1086 2978 1162 3021 ntea
1196 2981 1227 3020 ro

146 3040 241 3161 oppidi
260 3040 449 3111 redemptione
467 3052 587 3095 sumeret
605 3052 633 3097 et
658 3046 691 3097 ab
718 3044 865 3097 obsidione
892 3042 1045 3099 desisteret,
1091 3038 1146 3090 Sed
1172 2986 1230 3090 dux

145 3129 163 3161 u
185 3112 194 3160 i
212 3110 282 3163 baee
297 3111 368 3164 vidit
374 3149 383 3174 ,
402 3114 525 3181 quamvir
544 3116 633 3185 magni
651 3115 734 3185 pretii
754 3124 858 3175 esseut,
875 3121 966 3165 tamen
980 3110 1151 3179 contempsit.
1188 3108 1230 3158 11·-

146 3180 191 3231 iue
209 3183 283 3235 enirn
301 3182 374 3233 dixit
391 3196 421 3233 se
439 3186 561 3246 veniere,
581 3202 638 3237 nou
656 3182 686 3237 ui
703 3200 778 3237 sacra
801 3185 949 3253 expilaret,
973 3189 1022 3233 aut
1037 3179 1149 3234 Christo
1167 3178 1229 3230 bei·

146 3251 203 3303 ium
226 3252 346 3315 iaceret,
368 3251 416 3303 red
435 3254 528 3322 potius
553 3262 585 3305 ut
615 3254 724 3307 Christo
749 3255 905 3324 opitulante
929 3262 958 3305 et
979 3251 1089 3304 favente
1124 3249 1229 3301 bellum

148 3330 272 3389 gereret,
300 3330 329 3375 et
352 3330 425 3374 reeta
449 3322 483 3374 de
501 3323 555 3376 fide
573 3326 721 3378 sentientes
741 3334 835 3378 eontra
862 3325 968 3386 Persas,
987 3324 1065 3395 quia
1086 3336 1150 3371 vera
1173 3318 1228 3369 Dei

149 3392 303 3459 cognitione
321 3391 498 3455 aberrabant,
515 3401 646 3448 tueretur.
683 3396 790 3448 Deinde
801 3396 934 3469 quaedam
945 3400 1050 3447 seereto
1064 3407 1124 3441 eum
1139 3405 1229 3441 saeer-

149 3460 232 3521 dore,
249 3478 321 3533 qnae
337 3461 373 3514 ad
392 3464 543 3531 negotium,
562 3465 638 3535 quod
659 3466 732 3518 inter
755 3483 801 3519 eos
822 3467 1011 3526 tractabatur,
1036 3458 1228 3531 pertinebant,

149 3530 318 3597 eoiioeutur,
342 3534 494 3598 concernit,
519 3542 550 3586 ut
568 3552 659 3587 rursus
677 3536 706 3587 iu
727 3536 860 3609 oppidum
886 3536 995 3588 rediret.
1042 3532 1179 3582 Postremo
1197 3535 1230 3581 ut

147 3618 240 3655 eureus
258 3604 382 3657 eaeerdos
401 3604 470 3655 exiit
486 3603 558 3657 nihii
596 3608 735 3676 uiaquam.
769 3607 842 3679 quod
869 3624 904 3660 ex
929 3622 959 3659 re
986 3610 1072 3665 estet,
1096 3604 1230 3663 afferent,

148 3670 197 3724 sed
215 3682 309 3741 aparte
327 3676 464 3726 Persarum
483 3623 703 3737 retardaverat,
722 3680 781 3747 ipse
803 3687 831 3730 et
868 3678 975 3728 uicum
995 3691 1028 3726 eo
1048 3680 1126 3725 erant
1153 3675 1230 3724 iusau

149 3742 227 3795 dueie
239 3746 268 3794 in
282 3745 390 3796 rineuia
404 3744 521 3798 coniecti
537 3754 609 3798 sunt
636 3744 748 3799 Rotnani
763 3764 827 3799 vero
839 3763 855 3796 ο
878 3746 1011 3798 sidionem
1027 3743 1230 3795 continuarunt.

219 3832 261 3883 οφ
298 3815 378 3867 italia
396 3825 453 3868 tota
473 3818 530 3869 iere
547 3835 562 3868 a
582 3815 769 3885 Lougobardis
788 3826 830 3870 est
849 3834 941 3869 eversa
961 3824 989 3869 et
1000 3814 1097 3866 diruta.
1132 3813 1230 3882 itaque

148 3885 279 3937 nonnulii
304 3898 338 3935 ex
363 3886 463 3939 Senatu
489 3888 590 3939 veteris
618 3890 717 3940 Romae
742 3906 802 3941 eum
830 3887 994 3956 quibusdam
1025 3882 1229 3945 sacerdotibus}

150 3968 218 4021 quor
242 3957 291 4025 qui
315 3972 435 4008 summae
458 3973 595 4010 sacrorum
619 3966 744 4026 praeerat
767 3958 954 4026 delegaverat,
979 3955 1013 4008 ad
1035 3958 1232 4023 imperatorem

150 4020 232 4090 legati
251 4036 386 4081 venerunt
403 4036 528 4091 orantes,
552 4038 584 4080 ut
607 4028 650 4080 his
668 4030 792 4097 partibus
818 4028 984 4081 rubreniret.
1025 4026 1080 4079 Sed
1097 4024 1234 4077 Persicum

150 4090 254 4147 betium
272 4096 324 4149 boe
342 4106 464 4165 tempore
484 4101 514 4151 in
533 4101 659 4151 Armenia
678 4107 706 4150 et
724 4100 753 4150 in
774 4100 887 4153 Oriente
908 4107 983 4161 erat,
1007 4096 1082 4169 quod
1099 4108 1155 4147 non
1172 4109 1233 4145 mo·

152 4160 188 4214 do
206 4180 261 4219 nou
280 4168 496 4232 intermittebat,
515 4170 597 4222 immo
615 4170 644 4221 in
670 4168 854 4223 ardentiorem
879 4168 1085 4225 contentionem
1111 4168 1234 4235 ingrate·
