3050 4892
282 291 355 362 Vnt
693 282 929 352 rumino.

281 445 349 498 lecit
364 441 560 494 direrslsrlmse
583 439 684 494 ludollr
704 443 897 494 sunouuones
919 440 952 495 tn
981 435 1085 510 eclogcs
1107 437 1141 491 de
1159 433 1372 509 legstlonibnss

285 544 453 603 admirandas
474 542 585 596 ilenrlcl
602 542 724 607 Valerii,
746 542 799 596 viri
816 557 903 613 poene
923 540 1084 611 singularis,
1110 547 1139 594 et
1154 540 1269 594 stolidss
1289 543 1369 596 ctu·

284 648 395 700 toclcri:
415 655 474 700 tum
490 645 526 696 ud
544 662 576 696 ea
595 659 667 716 quse
684 662 717 697 ex
731 643 827 696 Photio
846 643 981 710 descripts
998 647 1077 705 sunt,
1102 657 1164 692 suss
1184 643 1274 713 ipsiu·
1292 661 1374 696 com-

283 751 480 816 mentationesj
491 748 658 818 prolixiores
677 745 738 798 illos
747 744 858 814 quidem
875 759 959 824 qusm
975 745 1040 795 satis
1058 749 1138 808 esset,
1156 742 1374 799 sedudmodum

284 852 367 908 utiles
386 859 415 903 et
432 851 521 904 bonae
538 850 621 920 frugis
639 849 733 918 plenos
748 866 755 899 r
774 849 915 901 universre
934 855 1026 901 sutem
1041 847 1196 901 collectioni
1215 848 1377 917 praemisit,

286 955 362 1029 quoti
389 955 581 1026 Protrepticors
606 952 763 1018 inscripsit,
792 949 872 1002 uelde
898 950 1057 1003 festinatum
1087 950 1267 1021 opusculum3
1295 967 1374 1021 quo,

284 1067 394 1130 prietes
405 1062 577 1126 conspectum
592 1052 692 1122 operis,
708 1050 811 1122 dequo
829 1053 954 1121 superius
964 1054 1132 1105 mentionem
1148 1053 1212 1117 secl,
1228 1053 1376 1123 estulogus

284 1162 489 1231 Imperatorum,
497 1154 763 1225 patriarcharumque
773 1130 942 1220 continetu'r3
960 1152 1055 1208 addito
1066 1154 1157 1209 indice
1169 1156 1204 1210 cd
1210 1155 1374 1212 litterarum

285 1259 410 1320 orlinem
428 1260 582 1330 disposito,
602 1273 660 1329 quo
678 1261 770 1312 cuncti
785 1266 978 1312 enumerentur
992 1276 1107 1332 quorum
1127 1257 1163 1334 ¹acl
1187 1258 1260 1312 irsnc
1276 1257 1375 1315 histo-

287 1367 344 1420 siue
361 1371 467 1434 purtem
487 1361 636 1433 spectantia
653 1335 771 1432 scripto,
789 1370 838 1414 sut
853 1363 948 1415 saltem
960 1378 1054 1415 corum
1062 1363 1194 1416 memorio
1211 1363 1350 1417 exstabat

355 1469 411 1536 Ego
429 1482 509 1528 vero,
528 1483 610 1537 quum
629 1466 659 1518 in
677 1481 711 1517 eo
728 1483 771 1517 res
792 1473 864 1518 esset
888 1474 921 1519 ut
939 1465 1026 1518 editio
1044 1467 1194 1518 Bonnensis
1213 1465 1323 1536 eclogas
1334 1466 1374 1519 cle

286 1567 470 1640 legrtIonibus
490 1567 646 1633 exhiberet,
669 1569 806 1639 quomodo
829 1569 858 1621 in
886 1572 999 1634 ceteris,
1016 1586 1086 1640 quse
1109 1569 1236 1622 chbeus
1257 1569 1296 1622 iis
1321 1571 1389 1632 ulls

286 1672 396 1734 iunnit,
412 1685 533 1724 verterer
559 1687 616 1724 non
635 1685 732 1739 porum
749 1669 890 1723 hseeitsri
925 1669 1023 1742 Neque
1045 1673 1119 1724 enim
1140 1674 1282 1725 immemor
1309 1689 1374 1726 sum

286 1774 495 1844 promissionis,
521 1791 576 1844 qus
603 1773 736 1828 Weberus
762 1788 822 1825 seso
847 1773 1010 1827 obstrinxit:
1038 1775 1111 1826 nilril
1125 1791 1289 1844 prorsncvex
1306 1775 1374 1841 lris3

286 1892 358 1948 quae
380 1880 410 1930 in
434 1875 557 1930 editione
574 1875 693 1928 Parisino
711 1875 904 1939 continentur,
926 1877 1056 1928 omhsum
1075 1876 1131 1930 irie
1155 1905 1188 1918 -
1206 1877 1282 1949 quot
1303 1881 1374 1951 qui·

278 1982 349 2076 ¹‹lern
367 1981 481 2032 miuIme
499 1976 640 2042 obstsbrs,
656 1994 694 2030 ne
710 1977 841 2044 Hesychii
857 1980 1018 2046 opusculum
1035 1980 1152 2049 aptiori,
1180 1981 1235 2030 imo
1252 1984 1372 2052 proprio

286 2101 354 2146 suo,
371 2084 432 2136 loco
449 2087 645 2147 reservareturg
666 2095 699 2130 sc
716 2095 752 2130 ne
774 2077 932 2140 omittendis
953 2079 1065 2150 quidem
1082 2084 1216 2151 excerptis
1228 2097 1262 2135 er
1273 2083 1374 2139 Theo-

285 2186 431 2256 phylacter,
456 2197 570 2252 quarum
593 2180 669 2232 nullo
697 2182 809 2232 omnino
832 2181 940 2233 utilitss
964 2190 1019 2246 est,
1044 2185 1100 2236 nisi
1125 2191 1159 2236 nt
1179 2183 1246 2238 inde
1272 2191 1373 2242 vrrise

286 2287 419 2342 lectiones
437 2283 472 2336 ssl
497 2281 579 2335 crisin
597 2283 696 2352 integri
719 2284 809 2351 operis
836 2291 974 2352 petsutur.
1008 2285 1050 2338 De
1068 2288 1182 2357 reliquit
1206 2289 1236 2340 in
1263 2299 1376 2345 utren-

235 2391 240 2397 ’
289 2406 343 2462 que
360 2398 465 2458 partem
485 2387 618 2456 disputari
636 2395 751 2456 potcrot.
785 2385 966 2440 Attcmenin
990 2388 1073 2441 Suisls
1096 2391 1288 2460 perlustrando
1314 2397 1375 2448 sive

287 2491 417 2568 lerbeus
436 2494 492 2545 rire
511 2491 597 2555 sliur,
621 2489 666 2540 cui
682 2488 756 2541 hunc
780 2490 903 2543 isborem
921 2490 1108 2555 dominil,
1135 2494 1374 2564 negligentissime

288 2605 410 2649 versutus
430 2603 488 2660 est3
508 2601 548 2658 ut,
565 2594 589 2644 si
609 2609 701 2645 revera
720 2608 791 2663 quac
810 2592 850 2644 ibi
861 2593 896 2644 ud
906 2593 1049 2669 historiam
1062 2595 1237 2662 Byzantium
1247 2603 1374 2668 reposita

289 2703 397 2756 entant
413 2697 527 2756 collecte
544 2694 609 2749 dare
628 2696 716 2761 velis,
737 2693 816 2748 labor
832 2694 1004 2749 edhibendus
1021 2705 1107 2762 esset,
1119 2699 1165 2750 cni
1184 2700 1374 2770 impertiendo

288 2801 343 2854 lroo
359 2799 470 2873 quidem
488 2808 609 2870 tempore
634 2816 725 2871 neque
750 2797 986 2851 mihiotiumest
998 2815 1089 2870 neque
1105 2801 1216 2865 amicis,
1241 2806 1292 2874 qui
1308 2821 1373 2857 mes

290 2921 372 2956 causa
394 2905 475 2956 etism
498 2905 634 2972 ingratum
655 2904 793 2973 euecipere
821 2904 909 2972 pnrsti
932 2910 1003 2956 sunt.
1038 2904 1078 2955 En
1109 2903 1154 2956 isis
1179 2913 1269 2958 sutem
1297 2924 1372 2978 quoe

289 3006 364 3077 sputi
383 3007 525 3060 Lubbeusn
542 3007 657 3061 collecto
675 3007 819 3076 leguntur,
833 3022 889 3058 non
907 3021 992 3075 pcucs
1009 3006 1045 3059 stl
1058 3007 1266 3061 eeclesiasticam
1278 3011 1372 3065 hieto·

291 3111 359 3164 riam
386 3111 541 3180 pertinent=
565 3126 580 3160 e
605 3109 718 3178 reliquis
742 3124 923 3178 quaeeunque
945 3109 1056 3160 maioris
1080 3112 1212 3163 momenti
1237 3120 1304 3164 sunt
1319 3124 1371 3168 cut

291 3212 393 3266 direrte
412 3211 463 3266 cub
479 3211 595 3265 alicuius
613 3211 756 3274 userius,
773 3229 888 3282 quorum
902 3213 1033 3284 reliquias
1048 3215 1226 3266 cummaxime
1243 3216 1351 3269 edimus
1360 3255 1371 3283 ‚

289 3316 402 3370 >romine
421 3318 582 3378 offeruntur,
611 3323 660 3368 uut
677 3314 713 3366 sd
727 3331 813 3366 unum
828 3331 862 3366 ex
880 3316 914 3366 iis
932 3318 984 3368 inm
1002 3315 1067 3379 diu,
1094 3317 1254 3384 praesertim
1265 3321 1371 3374 Vslesil
1468 3340 1472 3348 ·

292 3416 432 3479 acumine,
460 3419 545 3472 relatu
566 3424 644 3471 sunt:
671 3425 761 3470 cetera
788 3417 860 3469 levir
885 3416 943 3470 fere
964 3417 1093 3471 videntur
1118 3436 1150 3470 cc
1173 3423 1250 3490 psrsi
1275 3425 1370 3493 protl'u

293 3515 373 3587 Quae
390 3534 475 3588 quum
494 3519 532 3572 tta
548 3521 612 3584 sint,
634 3519 691 3582 illo,
708 3535 825 3588 quorum
840 3519 928 3589 primo
948 3520 1009 3572 loeo
1026 3523 1273 3590 mentionem'l'eoi‚
1289 3541 1372 3595 pror-

291 3637 337 3676 sus
364 3621 505 3682 omittens,
530 3637 584 3683 uc,
610 3621 674 3676 dum
696 3620 841 3675 historiam
863 3623 1073 3678 eeclesiasticam
1104 3627 1240 3697 attingo,·
1254 3629 1284 3678 nr
1312 3631 1369 3682 in·

290 3738 416 3781 mensum
436 3730 573 3778 oscrescst
591 3739 659 3791 opus
679 3726 733 3782 iarn
748 3738 798 3792 per
814 3740 844 3777 sc
860 3725 943 3778 nimis
958 3728 1094 3796 amplum:
1111 3755 1148 3768 --
1163 3745 1197 3781 en
1211 3743 1276 3782 vcro
1296 3747 1369 3801 quse

292 3822 405 3882 Suidsm
416 3824 521 3882 emoliit
534 3821 819 3883 Comuntiuirnsrum
829 3830 1080 3899 eclogsrum-titulis
1094 3833 1238 3902 sumpsisse
1247 3843 1372 3904 opprret,

288 3943 374 3994 coepe
392 3926 591 3992 emendatiora,
616 3928 729 3982 adiectis
749 3948 805 3985 non
825 3932 894 3985 odeo
915 3935 1011 4003 paucis
1028 3932 1283 4006 eiusdcm‘generis,
1301 3936 1371 3988 culs·

288 4029 371 4085 tunsi
394 4029 519 4101 reliquiis
547 4032 762 4103 uniuscuiusque
779 4036 936 4104 scriptoris:
961 4045 1051 4090 cetere
1073 4053 1147 4090 nunc
1176 4038 1288 4108 quidem
1310 4053 1369 4091 non

293 4129 494 4212 “Mnemon
512 4140 604 4194 trunco
623 4142 655 4192 ut
668 4136 719 4190 illo
734 4138 766 4192 iu
782 4146 946 4210 perpetuum
962 4137 1124 4209 encludsm‚.
1135 4141 1185 4194 sed
1203 4157 1236 4196 co
1254 4141 1373 4204 consilio
