3050 4892
513 347 568 410 nn
597 345 787 412 anslaro.
821 305 824 311 ’
916 365 921 382 ⁴
1116 340 1185 404 rur

97 509 171 572 licet
182 507 360 588 Eunapium
378 505 544 569 continenti
559 506 731 566 narratione
751 504 855 567 docem
873 515 1036 584 annorum,
1050 508 1103 588 qui
1122 527 1188 568 me-

98 609 143 670 dii
165 616 259 686 sunt,
291 605 449 666 historiam
471 605 658 686 exposuisse:
689 604 764 684 quin
790 606 890 684 potius
919 604 992 690 illuc
1017 605 1189 687 degressum
1236 629 1241 639 ·

96 728 163 768 esse
184 716 328 787 apparet,
351 713 386 764 ut
406 703 566 764 referendo
580 703 740 785 ¹quomodo
763 703 893 780 Hierax,
925 705 1044 766 aemulo
1066 708 1120 788 qui
1138 707 1187 766 vel

97 807 200 887 ipsum
227 804 361 886 nequitia
391 813 545 884 superaret
573 823 628 883 per
659 802 817 882 Augustae
844 805 1001 863 avaritiam
1038 805 1185 880 traditas,

98 925 155 986 pru
175 923 249 964 nece
269 903 427 964 Fravittae
442 923 522 962 seres
542 921 695 983 poenas,
697 911 912 962 verumtamen
932 916 1043 980 poenas
1056 902 1185 978 dederit,

96 1023 131 1062 se
151 1001 310 1062 solaretm.
348 999 500 1076 Accedit,
530 1000 612 1082 quod
641 999 751 1060 deinde
781 1000 820 1058 de
845 998 1013 1062 Stilichone
1032 1000 1184 1084 loquitur,

102 1103 152 1186 qui
173 1101 228 1162 din
250 1112 321 1162 ante
350 1099 556 1162 Pulcheriac
547 1103 707 1182 imperinm
729 1101 846 1160 occisus
867 1109 923 1160 est

184 1204 291 1280 Quum
309 1199 461 1283 duplicem
476 1201 640 1262 editionem
653 1199 795 1260 historiae
806 1197 935 1260 Photins
946 1201 1082 1279 uidisset,
1106 1149 1187 1264 Con-

97 1301 299 1364 stantinianae
309 1297 440 1381 eelogae,
451 1311 487 1360 ut
498 1301 652 1381 inscriptio
666 1299 767 1376 docet,
780 1320 799 1358 e
810 1299 942 1360 meunda
953 1311 1090 1382 sumptae
1102 1307 1184 1380 sunl,

98 1402 152 1462 uhi
173 1400 234 1462 loci
254 1397 430 1480 plurimi,'
421 1421 453 1458 m
474 1397 585 1480 quihus
605 1401 733 1480 scriptor
753 1397 860 1460 rabido
881 1399 1025 1460 adversus
1040 1401 1184 1462 Christia-

97 1521 156 1560 nos
175 1499 247 1560 odio
267 1495 411 1558 effrenate
430 1497 607 1572 indulserat,
631 1499 671 1558 ita
692 1499 779 1560 recisi
798 1508 913 1578 essent,
933 1509 979 1572 ut,
996 1498 1115 1561 'Photio
1134 1503 1184 1560 in-

100 1598 189 1676 dice,
211 1595 329 1658 hiantes
348 1596 475 1658 lacunae
488 1609 686 1679 apparerent,
721 1607 752 1658 et
772 1598 932 1679 sequentia
945 1597 1079 1679 plurima
1098 1598 1184 1658 labo-

98 1707 205 1758 rarent
224 1695 417 1770 obscenitate.
462 1696 556 1764 Cuius
576 1698 643 1760 vitii
663 1695 785 1779 culpam
805 1697 935 1758 Photins
954 1698 987 1756 in
1009 1697 1185 1779 Ennapium

98 1797 201 1878 ipsum
214 1795 347 1859 confert:
369 1797 580 1862 coniecturane
594 1795 753 1856 ductusan
762 1797 950 1871 testimonio,
973 1817 1035 1857 non
1054 1809 1182 1867 constat.

96 1897 281 1978 Scriptorem
301 1895 475 1956 mutilatum
485 1915 571 1976 oopus
591 1895 633 1954 ita
653 1895 808 1976 reliquisse
828 1907 863 1954 ut
882 1899 916 1956 in
935 1895 984 1955 his
1016 1917 1095 1977 quae
1117 1918 1183 1956 mo-

97 1995 209 2056 nebant
227 2015 333 2054 sensns
352 1992 520 2070 laboraret,
542 2013 614 2054 sane
628 2013 691 2052 nnn
703 1992 861 2073 probabile
870 2004 928 2051 est.
970 1991 1015 2051 Ac
1027 1995 1091 2052 lieri
1105 2005 1185 2054 certe

96 2106 224 2178 potest,
246 2105 282 2154 ut
303 2113 364 2154 non
386 2094 448 2174 ipse
467 2093 615 2173 scriptor,
637 2091 691 2152 sed
712 2089 901 2172 bibliopola,
924 2089 1039 2150 indocti
1059 2110 1185 2149 mann·

96 2197 176 2256 ensis
200 2214 317 2273 opera,
347 2190 440 2252 libros
465 2187 505 2251 ab
535 2193 572 2252 iis
601 2189 673 2250 locis
703 2192 755 2271 qui
788 2187 989 2250 vendentibus
1015 2188 1184 2269 pericnlum

99 2303 238 2354 crearent
266 2290 395 2352 liberare
423 2289 557 2350 animum
579 2291 752 2350 induxerit:
786 2287 888 2369 qualia
908 2298 980 2348 sant
999 2299 1180 2369 expmrgatar,

96 2415 179 2474 quae,
194 2401 323 2464 vocant,
346 2388 541 2470 exemplaria,
566 2407 643 2470 qrrae
664 2391 696 2449 in
717 2387 889 2470 regionibus
909 2385 963 2448 ubi
976 2386 1094 2446 decreta
1108 2409 1181 2446 con-

97 2494 158 2554 crlii
184 2490 357 2552 Tridentini
380 2500 499 2570 recepta
520 2488 643 2549 suerunt
670 2511 732 2550 non
753 2509 824 2548 raro
845 2497 1021 2546 occurrunt.
1113 2534 1116 2541 .

171 2592 305 2670 Eunapii
318 2592 393 2667 vita,
407 2588 446 2648 ab
459 2589 555 2650 Hadr.
569 2590 658 2650 lunio
677 2589 859 2669 conscripta,
877 2589 910 2646 in
923 2585 1054 2646 editione
1068 2587 1108 2646 cl.
1122 2587 1183 2646 Bo·

95 2691 228 2754 issonadi
247 2689 369 2770 legitur.
399 2689 543 2750 lasanum
563 2687 693 2752 hominis
713 2691 745 2748 in
767 2709 831 2751 rem
845 2687 1047 2750 Christianam
1063 2686 1180 2764 odium,

95 2794 184 2852 cuius
205 2790 238 2848 in
254 2787 302 2848 his
316 2807 394 2869 quae
408 2786 453 2846 ill.
465 2789 563 2848 Maius
583 2788 677 2848 edidit
690 2791 828 2869 iniquum
840 2787 879 2846 de
890 2807 1001 2866 magno
1008 2783 1180 2849 Theodosio
1222 2776 1225 2782 ¹

95 2890 242 2950 iudicium
264 2903 380 2948 novum
400 2885 520 2946 exhibet
542 2889 711 2968 specimen,
742 2885 934 2966 deliransque
954 2884 1126 2966 superstitio
1149 2886 1180 2943 in

98 2989 222 3052 somniis
242 2985 394 3068 religionis
421 3007 512 3066 quam
542 2998 639 3048 sectae
658 2988 707 3046 cui
730 2987 868 3046 addictus
888 2995 954 3045 erat
975 2983 1103 3044 aaseclm
1122 2983 1179 3053 sibi

97 3089 267 3158 finxerant,
306 3085 463 3146 notissima
482 3095 577 3148 sunt:
602 3097 709 3147 notum
730 3088 819 3146 etiam
839 3085 979 3146 dictionis
1000 3103 1095 3166 genos
1112 3101 1180 3140 mo-

98 3186 207 3248 lestum
221 3197 251 3246 et
265 3183 463 3257 salebrosum,
487 3185 598 3269 dequo
611 3189 700 3250 nimis
718 3185 883 3248 'clementer
902 3184 1016 3245 iudicat
1035 3180 1179 3256 Photins3

99 3309 188 3369 quem
209 3286 248 3346 de
264 3285 396 3366 Eunapii
417 3284 543 3346 historia
564 3285 757 3346 disserentem
777 3289 837 3346 iam
849 3286 1008 3346 audiamus
1019 3279 1099 3360 (cod.
1115 3282 1179 3362 γρ).

176 3379 380 3464 Ἀνεγνιόσθη
408 3375 571 3446 Εὗναπίου
600 3385 749 3468 χρονικῆς
779 3381 920 3467 ἱστορίας
940 3379 997 3462 τῆς
1016 3373 1098 3457 μετὰ
1119 3376 1182 3440 Δία

98 3489 222 3562 ξιππον,
246 3483 319 3554 νέας
340 3475 503 3562 ἐκδόσεως,
523 3483 558 3546 ἓν
578 3485 712 3564 βιβλίοις
731 3481 1025 3568 τεσσαρεσκαιδεκα.
1046 3468 1180 3560 ἄρχεται

97 3587 155 3664 μὲν
175 3581 232 3662 τῆς
251 3575 394 3664 ἷσϊθρῑάς
415 3579 478 3644 αἰιδ
498 3583 555 3664 τῆς
576 3581 743 3647 Κλαυδίου
763 3581 949 3664 βασιλείας,
969 3577 1002 3651 λς
1021 3570 1180 3652 ὃνΔεξίπ

96 3706 143 3770 πῳ
163 3681 185 3765 ἡ
207 3675 332 3760 ἱστορία
353 3675 537 3761 καταλήγει,
555 3679 746 3768 dumsialrri
768 3683 857 3745 δὲ
826 3703 872 3753 εις
892 3674 950 3760 τὴν
965 3671 1181 3790 Όνοιριλιυκρί

94 3779 267 3864 Ἆρνοδιου
286 3779 347 3842 τῶν
367 3777 537 3844 Θεοδοσίου
558 3781 681 3844 παίδων
700 3779 881 3860 βασιλείαν,
900 3779 1015 3842 ἐκεῖνον
1033 3769 1100 3838 τὸν
1097 3765 1180 3856 χρία

98 3901 149 3944 νον
167 3880 259 3952 τέλος
277 3875 332 3958 τῆς
353 3872 493 3960 ἱστορίας
518 3877 745 3962 ποιησάμενος,
775 3873 812 3940 δν
839 3869 1006 3960 Ἀροάνιος
1034 3873 1093 3953 μὲν
1119 3863 1180 3932 τοῦ

98 3978 220 4062 χρυσοῦ
239 3979 296 4058 τῆς
309 3974 470 4056 ἐκκλησίας
491 3973 643 4056 στὸματος
658 3973 811 4043 Ἰωάννου
833 3974 1042 4045 ἀπολυθέντος
1059 3970 1106 4044 είς
1124 3963 1179 4032 τὸν

101 4071 321 4162 ίρχιιρατικον
339 4067 497 4157 θρόνον’
477 4077 645 4160 υνηρμένος
665 4072 843 4160 ἱεράτευεν,
862 4073 882 4158 ἡ
904 4074 940 4138 δὲ
958 4095 1013 4137 του
1001 4067 1178 4151 βασιλεία

100 4197 181 4253 ονιος
208 4172 379 4258 Ἀρκαδίου
400 4169 478 4257 γυνή
498 4171 578 4240 κατὰ
606 4175 737 4260 γαστρὸς
763 4171 882 4258 ἔχουσα
904 4175 960 4236 καί
980 4167 1176 4249 datilbaum

100 4273 148 4340 τὸν
174 4280 245 4360 βίον
274 4269 434 4342 ἀπέλιπεν.
478 4267 571 4354 οὗτος
600 4272 617 4340 δ
636 4271 796 4351 Εδνοίπιος
816 4267 993 4360 Σαρδιανὸς
1012 4271 1071 4352 μὲν
1090 4265 1177 4348 rim
