3050 4892
470 353 472 358 ·
587 327 643 390 DE
671 324 815 390 emo.
1158 325 1240 388 m

159 482 283 546 Etenim
297 477 457 542 manifesto
475 474 566 538 huius
589 490 689 559 parus
708 489 780 539 suut
800 495 995 560 quaecamque
1021 498 1039 540 e
1055 475 1150 540 Petro
1171 498 1240 538 rua-

161 588 256 666 gisuo
274 588 391 641 exstem
412 579 522 640 inserts
547 575 754 639 caernouiali
771 578 957 638 Constantini
966 577 1240 660 Porphymgeuitis

162 682 278 744 hubent
297 689 399 740 autem
417 697 487 738 eum
505 689 658 738 auctorem
680 699 743 740 uon
764 675 862 738 solum
876 678 973 759 capitu
985 679 1076 760 primi
1095 677 1164 738 libri
1186 674 1241 754 84.

161 792 194 843 et
214 781 288 852 85„
310 779 422 861 quibus
447 778 510 838 eius
528 797 640 838 nomeu
663 777 830 857 praefixum
848 775 957 838 diserte
981 776 1113 859 legimr,
1131 795 1240 837 verum

160 882 250 942 etiam
265 879 368 956 decem
384 895 461 958 quse
472 877 618 938 contiuuo
632 885 811 958 sequuntur,
824 895 921 957 usque
931 875 971 936 ed
980 874 1033 957 95
1045 897 1056 952 3
1075 875 1128 936 ubi
1139 895 1239 957 saepe,

159 1000 192 1038 τ.
213 999 262 1062 gr.
283 976 337 1040 86.
358 974 410 1059 87.
433 973 486 1058 95.
512 974 551 1034 de
579 975 744 1036 lustiuisuo
775 985 920 1056 tanquam
947 976 1115 1057 imperante
1147 993 1242 1056 quoru

159 1081 216 1140 istu
240 1076 467 1151 seriberenmr,
501 1093 600 1134 sermo
627 1083 683 1134 est.
725 1075 824 1136 Petita
842 1083 945 1134 autem
968 1072 1121 1140 esseliaee
1139 1072 1242 1134 mnia

157 1199 177 1239 e
204 1176 284 1238 libro
315 1174 354 1236 de
384 1171 482 1234 officio
511 1173 647 1254 magistri
668 1173 739 1234 satis
762 1171 835 1235 iuda
853 1171 1005 1254 colligitur
1029 1172 1113 1255 quod
1135 1184 1242 1236 auctor

157 1279 318 1359 praecipue
329 1273 361 1334 id
384 1273 462 1355 ugit,
485 1283 520 1332 ut
533 1272 640 1334 doceat
658 1291 739 1354 quas
751 1283 853 1354 pertas
868 1271 1003 1354 magistri
1027 1273 1132 1333 sintin
1147 1273 1241 1335 rebus

158 1395 235 1458 quus
256 1383 386 1452 truetat3
403 1373 674 1455 magistrorumque
687 1371 810 1434 nomine
829 1373 944 1454 pouit,
963 1371 1017 1454 qui
1037 1371 1069 1432 iu
1088 1393 1124 1433 eu
1139 1371 1240 1455 digui-

159 1486 222 1536 tate
244 1474 355 1534 fuerim
375 1462 437 1555 ipuo
461 1481 600 1554 tempore
617 1472 746 1552 Leones,
768 1491 844 1532 aurs
859 1481 890 1532 st
907 1489 1020 1554 σφω,
1047 1470 1239 1534 Anastasius-

160 1595 221 1658 que
241 1585 271 1633 et
288 1572 419 1634 lustinus
442 1573 602 1654 imperium
619 1582 824 1654 susceperuut.

231 1673 344 1732 Utrum
358 1671 416 1732 hoc
425 1671 456 1730 iu
469 1669 622 1732 volumine
635 1691 674 1732 au
694 1669 766 1732 alibi
780 1669 891 1732 Petrus
901 1671 1069 1752 exposuerit
1077 1692 1156 1755 qstus
1167 1693 1239 1736 eum

160 1772 295 1833 Chosroi
314 1770 353 1831 de
372 1789 446 1852 paee
460 1768 668 1851 componenda
688 1767 807 1830 locutus
832 1770 1032 1854 esset³²l,pru
1053 1773 1240 1857 iuoumpoeto

159 1870 310 1952 relinquo.
352 1868 505 1930 Sermonis
534 1871 730 1930 rusticitatem
763 1869 796 1930 iu
829 1889 865 1930 eo
893 1870 1086 1952 reprehendit
1112 1877 1240 1936 Menan·

160 1972 234 2048 der,
255 1989 347 2052 quam
366 1989 397 2029 se
415 1967 515 2030 verbis
535 1965 646 2028 Atticis
671 1977 801 2026 mumsse
828 1969 871 2026 ait
889 1987 985 2048 quum
1012 1967 1160 2053 colloquia
1185 1975 1242 2035 isos

158 2073 306 2133 referret:
323 2071 491 2149 iustamque
522 2085 585 2127 esse
609 2064 872 2147 reprehensionem
894 2067 922 2125 ei
952 2066 1039 2128 faoile
1073 2069 1240 2134 eredimuss

158 2193 232 2232 uam
265 2171 297 2230 in
326 2165 464 2250 capitulis
494 2168 630 2248 quaein
658 2163 867 2226 caeremoniali
898 2175 1015 2226 exstant
1032 2171 1177 2249 pueeites
1202 2170 1243 2233 sd

157 2271 354 2347 barbariem,
375 2265 588 2348 vulgaremque
606 2284 776 2326 sermonem
799 2262 958 2327 manifesto
983 2265 1152 2344 inclinata,
1178 2271 1241 2334 imo

159 2374 221 2433 iam
239 2371 269 2430 iu
283 2369 365 2430 hunc
387 2383 541 2443 conversa,
556 2366 756 2448 conspicitur3
779 2361 1188 2448 nequeeelogseexhistoria
1199 2368 1241 2434 ob

157 2472 216 2532 ista
242 2469 310 2530 lube
340 2468 489 2532 immunes
507 2476 588 2526 suut.
632 2463 692 2538 At,
720 2485 798 2547 quae
827 2483 844 2524 e
869 2461 954 2525 libris
982 2467 1057 2546 περιΙ
1081 2470 1241 2552 πολιτικῆς

156 2563 333 2647 ἐπιστήμης
351 2567 383 2626 in
401 2565 523 2625 luminis
545 2585 612 2625 oms
627 2563 744 2624 reduxit
759 2564 870 2637 Maius,
889 2565 1190 2649 summa·elegautia‚
1210 2581 1243 2631 et

156 2688 255 2751 paene
275 2668 452 2726 intemerato
470 2664 582 2726 'Attico
604 2683 742 2724 samone
763 2665 874 2745 scripto
891 2675 973 2728 sunt.
1016 2665 1121 2742 Quum
1138 2679 1243 2730 autem

157 2768 269 2830 Petrus
288 2766 334 2826 sui
353 2766 420 2825 aevi
442 2763 632 2842 hominibus,
651 2763 702 2846 qui
729 2783 764 2824 eu
784 2761 847 2823 fere
862 2761 965 2844 lingua
982 2764 1145 2826 utebantur
1164 2789 1242 2851 quae

158 2886 243 2927 nune
264 2865 346 2948 apud
370 2865 500 2924 Graecos
520 2864 653 2934 obtinet,
676 2862 877 2945 loqueretur,
900 2883 962 2924 non
985 2865 1135 2927 veteribus
1158 2868 1240 2929 Atti-

157 2966 219 3042 cis,
248 2984 346 3026 sermo
367 2965 451 3043 eius,
472 2983 529 3044 pro
551 2965 815 3045 grammaticorum
840 2965 987 3024 sententie
1010 2964 1154 3046 vitiosus,
1178 2987 1242 3029 uon

157 3063 342 3150 impediebat
367 3083 428 3144 quo
455 3065 567 3136 mimus,
591 3063 616 3122 si
642 3063 687 3124 vis
712 3061 915 3143 persuadendi
945 3064 972 3124 el
996 3065 1122 3142 inesset,
1143 3064 1242 3127 homi-

157 3185 236 3226 uum
245 3173 359 3224 mentes
366 3164 502 3223 oratioue
510 3161 651 3222 flecteret.
673 3163 722 3222 De
734 3183 794 3244 qua
804 3163 862 3224 viri
875 3161 1056 3245 eloquentia,
1077 3164 1243 3248 ceterisque

158 3264 301 3336 dotibus,
324 3263 494 3322 testimonia
515 3281 592 3343 quae
615 3259 665 3321 hie
685 3261 836 3343 subiungo
857 3262 1036 3344 loquuntur.

244 3363 397 3424 lousruus
421 3363 524 3422 Lruus
551 3360 589 3422 de
616 3363 831 3441 nmffl'stmulru
861 3362 982 3423 11.25.
1011 3361 1091 3423 ruz
1119 3365 1185 3436 τοῖς
1204 3361 1241 3426 ot

157 3457 371 3540 ῖμειρομένοος
399 3453 475 3532 τούς
515 3457 627 3542 ἐφεξῆς
662 3454 707 3540 μὴ
744 3457 898 3541 ἀγνοῆσαι
929 3456 1121 3543 μαγίστρονς
1145 3453 1241 3545 ἄχρις

157 3557 272 3642 ἡμῶν,
302 3555 429 3639 α’ρκέσει
461 3553 539 3641 πρὸς
565 3557 773 3620 διδασκαλίαν
801 3561 929 3640 Πέτρος
948 3556 967 3618 ὃ
986 3553 1087 3622 πάντα
1106 3559 1242 3642 μεγαλό-

159 3679 273 3744 φρων,
302 3656 359 3717 καί
384 3656 440 3739 τῆς
466 3653 605 3718 καθόλου
627 3651 768 3740 ἱστορίας
793 3654 943 3741 ἀσφαλὴς
969 3653 1177 3741 διδάσκαλος,
1197 3661 1240 3723 δι’

159 3745 207 3819 ὧν
232 3751 332 3829 αὐτὸς
350 3752 403 3818 ἕπτ’
419 3754 477 3818 τοῦ
497 3756 663 3836 λεγομένου
685 3756 893 3840 μαγιστηρίοο
912 3753 1124 3840 ἀνεγράψατο.
1164 3783 1243 3843 προ-ι

155 3857 259 3940 ἦλθεν
284 3843 340 3916 οὖν
370 3851 390 3937 ἡ
421 3851 555 3934 δύναμις
586 3854 640 3918 ἐπὶ
658 3857 751 3919 πλέον
771 3857 826 3938 τῆς
846 3855 970 3940 ἀρχῆς·
1001 3851 1039 3919 uri
1062 3856 1160 3937 μόνον
1179 3857 1241 3942 γὰρ

156 3953 220 4026 τὰς
252 3955 317 4016 ταῖν
345 3953 446 4016 ἐθνῶν
468 3951 635 4038 πρεσβείας
655 3951 711 4038 ὑφ’
732 3945 836 4042 ἑαυτῷ
861 3953 1011 4029 τελούσας
1032 3953 1049 4019 ὃ
1075 3951 1242 4040 μάγιστρος

157 4047 246 4132 ἔχειν
279 4050 482 4132 πιστεύεται,
508 4047 564 4117 τόν
583 4073 618 4116 τε
640 4047 792 4138 δημόσιον
813 4054 947 4141 δρόμον,
968 4055 1024 4118 κατ’
1041 4060 1164 4142 πλῆθος
1184 4058 1241 4138 ε’ρο-

178 4231 226 4302 37)
244 4229 413 4297 Menander,
430 4233 523 4304 plur).
