3050 4892
276 2963 279 2974 '
391 2965 435 3027 Et
455 2965 553 3042 mala,
576 2965 778 3050 quasplures
797 2969 916 3051 pridem
935 2968 1058 3049 dixere,
1079 2976 1209 3030 caneda

405 171 498 298 tn'
548 329 549 337 Ν
837 221 1037 299 rnscuun

400 387 622 470 Imperiumque
638 403 728 446 cuum
745 383 870 446 vivendi
882 404 993 466 ponere
1011 383 1151 444 fructum.

398 486 527 547 lusidius
547 505 636 548 nemo
655 484 736 546 diras
755 485 924 564 mentique
941 502 1094 546 venenum

397 586 560 666 Linguae,
581 605 643 668 quo
666 581 756 644 multi
777 582 951 644 cecideruut
969 583 1096 643 crimine
1114 578 1190 640 ficto.

397 680 523 746 Perdita
542 705 590 748 res
609 681 713 768 populi
734 683 833 744 iuerat
852 682 910 744 snb
928 693 1066 762 tempore
1084 680 1172 754 dir03

396 783 539 846 Restituit
557 794 658 845 tamen
678 781 758 844 hauc
777 781 892 844 domini
911 781 1070 865 prudentia
1090 781 1180 850 nin,

397 881 559 946 Perticiens
578 883 720 962 firmum,
739 881 822 963 quod
841 881 921 964 cepit
940 879 1065 958 debile,
1085 896 1211 960 reguum.

481 980 581 1044 Multa
600 979 690 1044 simul
710 981 797 1043 vario
816 990 1000 1042 coneunuut
1017 977 1249 1043 ordeaceum,
1358 960 1392 1038 ¹4⁰
1433 978 1434 987 ’

397 1081 599 1166 Diversosque
619 1079 747 1143 trahunt
764 1091 894 1162 augme
914 1089 1038 1162 pectore
1058 1097 1168 1140 senata

397 1180 443 1241 Ac
464 1179 556 1242 veluti
576 1179 703 1264 Delphis
721 1178 862 1242 Phoebus
880 1200 952 1239 cum
971 1177 1097 1240 numine
1115 1175 1199 1258 plena

397 1281 509 1342 Omnia
529 1300 607 1363 quae
626 1281 766 1358 fircrant,
785 1287 976 1362 quaesunt,
996 1277 1165 1360 pariterque
1182 1273 1268 1333 tutan

396 1379 545 1462 Conspicit
567 1390 598 1440 et
616 1381 739 1461 cupiens
759 1375 940 1460 prohibetur
961 1377 1092 1460 prodere
1109 1373 1189 1434 luci:

395 1479 444 1538 Sic
461 1499 517 1560 ego
541 1479 712 1560 concipiens
732 1487 810 1556 tua,
827 1476 991 1558 Princeps,
1014 1475 1143 1560 plurima
1160 1471 1245 1543 inda,
1354 1453 1390 1531 ¹i5

395 1577 483 1654 Quae
504 1575 562 1638 tibi
581 1576 732 1640 debentur
746 1575 874 1642 diversis
895 1575 1035 1662 partibus
1054 1574 1153 1646 orbis,

395 1674 466 1736 Nou
487 1697 609 1758 possum
629 1675 856 1740 verbio-auimo
875 1675 1013 1758 proferre
1032 1685 1147 1758 parum.

397 1773 548 1854 Quocirca
568 1775 693 1838 laudum
715 1773 816 1858 relego
834 1776 951 1858 fastigia
966 1795 1100 1838 summa.

477 1875 567 1938 Nunc
587 1875 746 1938 homiuum
764 1877 867 1958 generi
888 1873 1050 1938 laetissima
1069 1870 1181 1938 necue
1201 1871 1313 1930 ttttt'tmi·

393 1977 483 2056 ,Quos
503 1973 743 2058 inoperans
762 1974 914 2038 aetem
933 1977 1014 2039 iussa
1034 1972 1183 2058 nunna,
1361 1949 1394 2010 ¹⁵⁰

395 2077 482 2154 Quae
501 2085 624 2157 propter
642 2073 731 2136 multi
749 2075 836 2140 redeo
855 2075 958 2159 urgere
978 2086 1163 2157 pareumm

395 2174 482 2251 Quae
503 2183 590 2255 pater
609 2157 803 2236 et'dominus
821 2185 920 2236 terrae
938 2173 1058 2238 delevit
1077 2175 1108 2236 in
1127 2189 1242 2244 cerm,

392 2271 521 2352 Argenti
541 2270 680 2336 relevans
698 2283 791 2356 etque
809 2275 878 2338 curi
897 2267 1033 2357 paudere
1051 2271 1214 2348 mundum

390 2368 607 2452 Perpetuoque
625 2391 737 2454 param
754 2371 813 2434 sibi
832 2375 964 2438 maxima
980 2373 1116 2455 praemia
1135 2369 1202 2431 oeeii

391 2467 520 2529 Divitias
540 2471 668 2547 temnit,
687 2489 750 2552 quo
770 2469 893 2551 prodest
913 2471 1059 2534 omnibus
1077 2491 1164 2532 unus.
1360 2449 1394 2513 ¹5⁵

390 2565 527 2650 Namque
547 2566 651 2628 cibum
671 2578 811 2650 poteraut
830 2571 885 2652 qui
904 2572 956 2634 vix
978 2572 1140 2656 adquirere
1156 2571 1244 2641 vitae,

392 2664 507 2728 Oblato
526 2659 627 2728 miseri
647 2667 821 2730 thensauris
841 2687 967 2733 munere
987 2670 1125 2749 ssehaut,

390 2767 521 2830 Munere
538 2787 620 2832 curn.
629 2765 741 2850 gemitu
760 2768 840 2830 tristi
859 2768 1061 2854 lacrymisque
1076 2777 1183 2832 coede

392 2868 515 2950 Quippe
537 2865 630 2929 dabat
649 2887 756 2928 causas
777 2866 916 2931 violentia
934 2869 1020 2932 lucra
1040 2869 1163 2954 parendi
1372 2941 1397 3002 60

1363 2967 1370 3005 ι

390 3067 529 3127 Romano
548 3077 663 3128 vestm
684 3063 732 3128 vei
754 3065 849 3127 Graio
868 3070 1001 3130 carmine
1021 3067 1136 3134 laudea.

384 3164 431 3234 ¹Et
451 3187 512 3247 quo
536 3175 653 3248 sceptra
674 3165 741 3230 ioco
762 3165 887 3230 dederat
905 3167 962 3228 tibi
983 3180 1085 3230 rector
1104 3160 1239 3248 Olympi,

390 3265 462 3341 Quo
482 3275 574 3346 caput
592 3265 656 3348 ipse
676 3275 764 3326 tuum
782 3265 882 3347 primo
901 3265 1071 3329 diademate
1089 3267 1193 3337 cinxit,

390 3361 449 3424 Hic
470 3363 527 3425 sibi
549 3363 656 3424 donari
681 3363 830 3425 librorum
850 3364 929 3426 vidit
945 3387 1092 3446 acervus,

389 3459 537 3524 Cursibus
551 3463 691 3540 infestos,
712 3473 870 3526 suranus
888 3465 1001 3548 scripta
1020 3466 1173 3537 dolorum,

387 3559 519 3621 Munera
538 3563 703 3644 suscipiens
722 3561 851 3626 flammis
866 3575 989 3626 aeterua
1010 3564 1117 3628 beatis.

388 3657 438 3718 Ad
460 3680 534 3741 quae
550 3665 673 3723 accessit
694 3662 829 3746 placidus
848 3668 943 3747 magis
962 3665 1103 3728 omuibus
1121 3663 1195 3735 aris,

385 3757 513 3837 Aspexit
525 3770 641 3822 vestroe
657 3761 749 3824 radiis
766 3763 812 3825 sol
831 3785 940 3826 aureus
960 3767 1064 3848 ignes3
1306 3747 1312 3759 ⁶

387 3857 429 3918 Et
442 3856 583 3936 placuere
603 3861 681 3926 diem
705 3861 851 3925 violantia
871 3861 986 3926 lumina
1003 3865 1107 3939 hmo,

389 3957 475 4033 Quae
495 3977 571 4036 pura
592 3959 708 4040 fulgens
726 3963 865 4024 accendis
884 3974 983 4026 mente
1001 3983 1131 4026 mus.
1160 3971 1166 3989 '

389 4056 456 4144 lpse
477 4051 560 4118 locus
579 4057 663 4119 vobis
686 4060 819 4131 ostendit
838 4063 905 4135 iure
926 4073 1073 4150 tropaea3

1318 3431 1397 3497 'iii

1359 3941 1395 4009 n
