3050 4892
333 325 375 392 iri
403 320 589 393 anonis
621 326 917 393 oiiniiononi.
972 358 976 363 -
1080 297 1164 387 563

172 480 251 566 Peg.
263 481 294 545 5.
304 484 344 543 D.
357 482 441 568 [45¹2
456 484 680 569 i7.]Iidiniium
703 484 813 545 deinde
825 506 861 545 ee
878 473 1089 569 ipso'tempore
1103 484 1168 547 Νο-

88 564 259 629 bilissimum
275 570 449 628 nonnnavit.
491 569 541 629 Sic
561 570 673 651 quippe
693 567 904 650 corrigendum
917 567 1060 627 mendum
1080 578 1169 650 typo-

88 650 192 711 thetae
224 648 404 733 negligentia
438 648 607 711 inductum.
651 648 832 711 Nobilissimi
865 650 1041 733 dignitatem
1061 672 1115 733 per
1134 674 1171 713 ea

90 739 228 814 tempora
247 734 455 815 Augustorum
476 734 544 795 filiis
559 744 612 795 aut
623 735 801 815 propinquis
813 733 958 794 tributam
971 725 1075 793 videor
1095 729 1172 795 inihi

88 816 262 877 observasse
282 816 434 898 quendam
454 816 548 878 veluti
570 818 697 900 gradum
715 818 754 877 ad
788 816 923 878 Caesaris
941 838 1053 877 nomen
1073 816 1172 898 digui-

89 910 244 981 tatemque
263 900 419 961 exstitisse.
461 900 565 983 Neque
589 899 679 983 longe
705 900 890 974 abeundum,
920 920 991 981 eum
1011 900 1173 983 Olympio-

88 982 184 1043 dorus
204 993 306 1042 noster
325 982 418 1064 paulo
437 994 506 1067 post
526 993 629 1065 aperte
649 972 1171 1065 pronuntiet,Valeutinianumlili,

89 1068 144 1148 qui
165 1068 323 1146 superstite
350 1068 516 1126 etiamnum
540 1068 675 1127 Honorio
696 1066 795 1127 dictus
824 1066 922 1127 liierat
949 1066 1174 1146 Nobilissimus,

89 1148 264 1229 impellente
287 1148 412 1209 fratrem
434 1146 588 1221 Placidia,
619 1159 686 1231 post
718 1149 846 1209 Houorii
873 1160 1001 1211 mortem
1031 1152 1267 1218 restitutoV.aot

89 1232 226 1314 primum
247 1230 505 1313 Constantinopoli
526 1231 710 1311 Nobilissimi
731 1230 842 1307 titulo,
868 1242 936 1291 tuin
964 1234 1045 1294 iussu
1073 1232 1178 1294 Theo·

88 1315 168 1375 dosii
190 1311 419 1375 Thessalonicae
441 1315 599 1375 Caesarem
617 1326 847 1397 nuncupatum,
878 1336 913 1375 ac
933 1314 1042 1376 deinde
1062 1316 1178 1377 Rornae
1227 1368 1230 1375 .

86 1398 129 1458 ab
152 1396 283 1458 Helione
303 1398 436 1457 Patricio
454 1408 484 1457 et
511 1397 678 1459 officiorum
705 1398 850 1479 Magistro
871 1398 1067 1479 Imperatoria
1094 1410 1179 1461 veste

87 1482 237 1541 indutum
245 1479 360 1541 ifuisse.
403 1482 450 1543 De
473 1500 547 1541 voce
565 1478 688 1541 consule
709 1480 820 1540 lulium
839 1479 995 1542 Caesarem
1018 1480 1178 1565 Bullenge·

85 1586 160 1625 runa
184 1563 224 1623 de
246 1563 325 1647 Imp.
346 1562 500 1637 Romano,
526 1563 669 1623 iacobum
684 1562 866 1623 Gutherium
885 1564 924 1624 de
943 1557 1048 1627 officiis
1060 1563 1178 1627 Domus

86 1648 269 1730 Augustae,
297 1648 463 1707 Meursiuin
491 1655 521 1705 et
550 1644 732 1705 Fabrottum
766 1646 796 1704 in
830 1646 1007 1721 Glossariis,
1030 1645 1177 1730 aliosque.

85 1731 154 1792 Nec
171 1726 362 1810 superfluum
384 1728 462 1789 ferte
481 1729 573 1789 fuerit
592 1730 642 1788 hic
663 1730 833 1801 monuisse,
862 1728 975 1811 duplici
999 1728 1179 1813 plerumque

83 1813 275 1895 compendio
295 1832 406 1873 nomen
428 1811 505 1871 illud
534 1810 651 1883 efferri,
677 1809 726 1870 vel
757 1809 884 1890 simplici
914 1812 965 1884 N„
988 1815 1074 1872 utin
1096 1812 1179 1873 fastis

86 1898 286 1978 numinisque
306 1894 471 1970 veteribus,
491 1890 539 1955 vel
560 1894 675 1977 syllaba
695 1895 810 1975 integra
821 1892 914 1975 Nob,
930 1905 976 1960 „ut
1004 1892 1085 1978 apud
1107 1894 1179 1955 lda-

85 1984 171 2041 tium
202 1981 235 2039 in
272 1978 356 2038 fastis
383 1976 614 2053 Consularibus,
649 1976 799 2037 Ricimere
834 1986 864 2036 et
891 1968 1040 2039 Clearcho
1061 1978 1176 2038 Cosa:

84 2064 164 2149 Ipso
184 2078 266 2121 anuo
281 2074 367 2121 natus
381 2074 423 2120 est
434 2060 587 2120 Honorius
607 2059 685 2120 Nob.
700 2060 732 2120 iri
769 2062 887 2143 iiipnre's
903 2060 954 2120 dic
962 2059 1004 2121 V.
1017 2054 1069 2121 Id.
1082 2055 1177 2145 Sept,

84 2142 498 2291 strenuitati.
513 2143 708 2286 tl'tltt'.
745 2138 1181 2288 tiliitttdtwtt

83 2248 352 2465 Olymggigdorus,
371 2308 428 2369 sed
448 2310 594 2369 Graecam
611 2324 781 2391 usurpasse,
813 2296 870 2387 τῆν
893 2308 952 2369 τοῦ
970 2271 1182 2393 inipaveirrei·

81 2414 146 2455 του
175 2416 198 2452 α
255 2412 282 2451 v.

177 2476 260 2555 Peg.
276 2467 546 2558 5.D.[451,ao.]
568 2476 614 2535 De
635 2474 723 2551 Iovii,
736 2472 882 2537 Praefecti
892 2466 1051 2535 Praetorio
1071 2480 1102 2535 et
1121 2470 1182 2535 Pa-

81 2562 234 2623 triciatus
255 2555 400 2638 dignitate
419 2558 578 2636 sublimis,
607 2555 796 2639 aliorumque
816 2558 856 2617 ab
877 2556 1014 2617 Honorio
1032 2558 1123 2618 missa
1144 2550 1183 2619 ad

83 2640 239 2708 Attalum
262 2639 431 2721 legatione,
460 2642 654 2722 eiusdemque
685 2640 762 2699 lovil
788 2639 914 2721 perfidia
934 2638 1078 2720 legendus
1097 2642 1185 2700 Zosi·

81 2748 159 2791 nius
171 2768 185 2797 ‚
215 2722 286 2783 licet
304 2720 452 2781 nonnulla
473 2724 624 2796 omiserit,
647 2740 724 2803 quae
736 2722 775 2781 ad
791 2719 999 2781 illustrandam
1012 2732 1184 2802 temporum

80 2812 222 2875 illorum
245 2799 399 2863 historiam
420 2804 714 2886 eicemsithotius.
760 2803 866 2884 Neque
884 2803 959 2862 mihi
978 2800 1097 2883 placere
1110 2812 1182 2887 pot-

81 2905 134 2958 est
161 2888 345 2966 lnterpretis
365 2888 460 2945 nostri
480 2890 574 2947 nimia
595 2889 625 2945 iii
647 2884 751 2946 eadem
772 2902 847 2945 voce
868 2882 1087 2961 inconstantia,
1108 2882 1183 2951 dum

82 2976 187 3040 modo
211 2966 349 3041 loadicia,
373 2968 463 3029 modo
484 2970 661 3043 lolianum,
683 2966 775 3028 modo
796 2962 989 3029 Iouiniemun
1010 2978 1109 3034 vocat.

178 3054 265 3133 Peg.
278 3052 307 3111 5.
322 3052 363 3111 D.
375 3050 443 3135 [451
449 3094 458 3127 ,
471 3052 535 3135 aa]
555 3052 667 3113 Valens
677 3054 825 3137 utrt'iisqioe
839 3052 964 3111 militiae
980 3050 1057 3111 diac.
1101 3046 1187 3113 Zosi·

82 3164 159 3207 mus
191 3135 436 3199 Dalmatiearum
464 3137 617 3219 legionum
637 3134 828 3196 Praefectum
849 3148 883 3194 ac
904 3135 1119 3217 Magistrume
1162 3137 1189 3183 ‘-

82 3240 156 3289 tum
169 3222 326 3294 nominat,
351 3228 381 3278 et
402 3218 442 3277 ab
456 3219 621 3296 Alaricho,
643 3218 717 3279 dum
737 3218 836 3278 adbuc
857 3219 889 3276 in
909 3215 968 3278 lide
989 3216 1094 3277 Attalo
1116 3152 1187 3279 gagg

81 3312 327 3396 perseveraret,
349 3301 389 3362 ob
431 3303 588 3363 roditiouis
608 3304 806 3384 suspicionem
828 3300 1019 3361 interfectum
1040 3299 1157 3361 scribit.

180 3390 269 3469 Pag.
285 3384 317 3445 6.
331 3384 370 3446 Α.
387 3322 471 3469 [de
493 3384 540 3466 8.]
561 3385 727 3447 Eusebium
747 3384 957 3467 Praepositum
979 3372 1108 3465 peilam
1131 3373 1188 3445 tud

81 3473 267 3545 κοιτῶνος,
289 3467 347 3529 boe
365 3480 424 3544 est,
455 3469 636 3552 προεστῶτα
664 3470 727 3529 see
750 3466 924 3541 βασιλικῶν
943 3459 1111 3543 κοπάνων,
1132 3488 1188 3549 ap·

107 3560 188 3623 ellat
212 3550 357 3615 Zosimus
377 3552 432 3613 lib.
456 3553 485 3613 5.
510 3574 579 3635 pag.
602 3550 675 3613 821.
697 3550 838 3614 editionis
859 3540 1100 3653 Splburgiauae3
1130 3543 1188 3610 Al*

81 3582 260 3709 lisbiehum
287 3656 360 3695 vero
387 3636 451 3696 sive
473 3635 665 3696 Ellebichum
694 3628 747 3694 τὸν
780 3634 842 3694 τῶν
874 3632 993 3696 iunior
1017 3626 1188 3714 ἡγούμενον

79 3723 144 3791 καί
166 3713 258 3803 μετὰ
281 3712 482 3796 Biytltivriov
501 3708 659 3799 ὕπαρχον.
680 3716 755 3777 Eius
776 3734 879 3778 necein
898 3717 1002 3797 paucis
1015 3716 1190 3799 perstringit

82 3810 243 3875 Hermiae
269 3799 453 3862 Sozomeuus
474 3799 529 3861 lib.
551 3822 582 3883 9.
605 3818 672 3882 cap.
703 3820 763 3872 ia„
782 3801 837 3859 ubi
858 3796 1025 3861 Alabiebns
1046 3810 1189 3880 corrupta

78 3915 165 3960 voce
187 3884 323 3950 dicitur.
366 3884 454 3945 Alius
474 3902 547 3945 vero
576 3884 615 3944 ab
644 3904 680 3943 eo
700 3883 913 3943 existimandus
934 3890 979 3943 est
1005 3875 1187 3965 Edobccus,

80 3985 154 4043 sive
168 3966 372 4043 Edobineus,
388 3968 577 4028 Constantini
597 3969 719 4110 ipranni
739 3957 877 4051 partibus
891 3962 1044 4040 addictus,
1068 3966 1106 4026 de
1125 3984 1188 4048 quo

73 4064 181 4151 plui-s
213 4054 304 4117 idem
337 4050 474 4149 llermias
494 4050 585 4149 citati·
620 4050 661 4110 ib.
683 4068 772 4147 capp.
798 4046 845 4147 id.
870 4060 900 4109 et
926 4038 972 4127 iil.
996 4056 1026 4110 et
1052 4049 1188 4147 Repetas

80 4146 292 4212 Profuturus
313 4132 508 4214 Frigeridus,
538 4150 624 4193 cuius
644 4150 705 4193 non
727 4132 859 4215 ignobile
877 4128 1079 4213 fragmentum
1100 4152 1131 4190 iii
1149 4130 1189 4190 li·

78 4230 182 4299 hrum
207 4244 244 4287 2.
295 4215 447 4278 Historiae
471 4216 636 4280 Fraueieae
655 4216 784 4278 coniecit
808 4216 971 4300 Gregorius
991 4206 1274 4287 Turonensis.l’.ni
