3050 4892
328 246 415 373 57'0'
619 284 790 370 rameri
817 279 958 348 mnan
983 278 1126 352 uorsa

326 446 368 507 rit
386 446 570 527 τραχηλιας.
613 446 696 527 Quid
717 444 743 509 si
762 442 932 525 εἰρωνικῶς
953 442 995 504 ab
1018 442 1248 586 Ollprnpiodnro
1266 447 1420 529 potum

326 526 402 587 iilud
424 527 662 671 epiphonematis
683 530 751 592 loco
774 528 926 588 adiectum
947 530 1009 587 snt
1085 547 1104 587 e

330 630 401 695 pag.
420 632 431 671 r
460 612 548 692 .D.‚
569 636 604 675 ex
625 613 737 697 quibus
751 610 875 694 colligas
889 608 1044 671 Placidiae
1057 630 1179 693 semper
1188 610 1323 689 favisse,
1344 616 1425 672 eiras·

222 692 256 748 V·
272 690 390 777 ²⁰3que
407 698 683 777 peregrinationum
701 718 737 757 ac
751 696 890 757 fortunae
909 694 1051 753 comitem
1068 703 1102 752 et
1119 696 1302 776 participem
1318 697 1424 757 fnisse.

413 778 491 857 Pag-
502 778 534 840 8.
547 781 589 840 D.
602 778 691 864 [di-J,
707 776 773 862 αἱ]
804 776 979 838 Ianuarium
1002 796 1136 837 mensem
1157 782 1275 859 nuptiis
1305 778 1425 839 Atauiti

328 882 399 923 cum
414 859 549 923 Placidia
568 864 711 945 Narbone
732 863 848 921 Marcio
869 861 900 919 in
920 858 1048 919 aedibus
1067 859 1184 941 Iugeuii
1205 864 1271 921 sive
1290 862 1426 943 Eugmii

327 942 485 1005 cuiusdam
505 945 662 1021 celebratis
683 946 819 1027 praefigit
831 940 1094 1025 Olympiodorm3
1115 941 1168 1002 alii
1189 943 1286 1026 vulgo
1307 966 1425 1006 annum

327 1028 486 1110 designant
521 1028 621 1091 Aerae
648 1029 840 1091 Christianae
873 1024 946 1105 414.
1002 1024 1116 1087 idatius
1140 1028 1174 1085 in
1201 1026 1361 1088 Chronico
1387 1028 1427 1089 de

333 1110 402 1172 locu
422 1115 588 1172 consentit:
619 1111 760 1189 Amulfiu
797 1110 882 1195 apud
918 1108 1094 1170 Narbonem
1121 1104 1299 1170 Planum
1332 1112 1428 1172 aaut

333 1214 480 1266 mrem,
514 1196 547 1257 t'n
638 1196 799 1279 prophetin
818 1193 959 1253 Danielis
981 1205 1107 1277 piatamr
1130 1192 1273 1275 impieta,
1300 1196 1357 1277 qui
1378 1196 1427 1254 ait

321 1276 426 1362 filiam
445 1278 521 1356 regis
573 1281 649 1337 uitri
666 1278 838 1337 soct'crndam
852 1278 918 1356 regi
933 1275 1110 1359 Aquilonis,
1131 1276 1215 1335 nullo
1239 1279 1337 1336 tum
1355 1279 1422 1336 eim

330 1380 373 1419 ex
392 1380 428 1419 ea
448 1361 556 1420 semim
573 1360 750 1420 subsistente.
794 1358 859 1433 Qui
878 1360 961 1418 enirn
981 1380 1017 1417 ex
1038 1358 1076 1417 iis
1101 1367 1192 1418 natus
1219 1369 1266 1419 est
1293 1358 1349 1418 hot
1369 1359 1423 1419 vei

330 1441 467 1521 sequenti
486 1460 567 1500 anno
587 1440 797 1519 Theodosius,
818 1450 917 1501 morte
938 1440 1032 1523 panio
1050 1450 1121 1521 post
1136 1438 1222 1501 obita
1237 1442 1422 1523 propeltar-

329 1524 469 1582 einonam
487 1524 655 1585 tumulatus
676 1534 732 1585 est.
777 1524 922 1584 iordanes
940 1525 979 1583 de
998 1524 1114 1605 origine
1144 1522 1319 1584 Gothorum
1348 1526 1427 1586 scri·

331 1602 407 1665 bens
428 1604 550 1667 aberrat
570 1629 589 1668 a
608 1613 735 1668 veritate
754 1606 896 1689 longius,
915 1616 983 1666 turn
1005 1606 1089 1688 quod
1109 1605 1231 1666 Gallam
1250 1607 1424 1668 Piacidiam

329 1696 399 1770 post
422 1699 549 1751 mortem
571 1690 718 1752 duntaxat
727 1690 842 1751 Alarici
862 1690 960 1750 Roma
981 1690 1022 1749 ah
1044 1687 1171 1750 Ataulfo
1191 1691 1346 1772 captivam
1368 1692 1427 1750 ab·

329 1770 453 1831 ductam
475 1772 572 1850 velit,
591 1784 658 1835 tum
678 1774 760 1857 quod
782 1774 905 1853 nuptias
925 1784 1091 1854 antequam
1111 1771 1244 1853 Alpibus
1272 1777 1426 1855 supa-atis

329 1852 444 1915 Gallias
466 1858 610 1937 petiisset,
632 1858 779 1917 coaluisse
799 1855 964 1917 contendat
982 1854 1164 1916 Foro-Livii
1174 1852 1328 1916 Aemiliae
1347 1860 1426 1917 civi·
1491 1862 1495 1870 ’

330 1947 415 2015 tate,
436 1958 527 2020 quam
548 1942 581 2001 in
593 1940 709 2001 Forum
730 1938 861 2001 Cornelii
882 1936 1038 2000 Miscellae
1057 1948 1183 2020 auctor,
1205 1942 1347 2022 quisquis
1366 1951 1425 2020 cst,

329 2022 567 2083 transformavit.

414 2105 492 2187 Pag.
508 2104 545 2166 8.
563 2106 605 2167 D.
628 2106 718 2191 [tta
748 2104 796 2190 3.]
814 2096 866 2167 ’Er
885 2096 1026 2165 παστάδι
1052 2108 1085 2166 in
1104 2106 1184 2166 ntrr'o
1202 2105 1305 2166 reddit
1326 2107 1429 2167 loter-

332 2206 419 2269 prest
437 2189 524 2269 quid,
546 2192 570 2251 si
592 2194 664 2251 aula
686 2191 788 2274 potius
808 2200 862 2249 aut
881 2188 1053 2249 adalanum?
1074 2188 1158 2248 unde
1170 2199 1201 2250 et
1214 2189 1429 2271 pastophoria,

332 2268 502 2352 dequibus
523 2272 608 2335 alias.
652 2274 697 2335 At
717 2273 866 2355 δωρεῖται
896 2282 981 2331 certo
1005 2272 1118 2333 certius
1145 2271 1295 2332 hocloco
1315 2274 1429 2354 agardi

330 2354 461 2414 verbum
482 2365 537 2416 est.
594 2358 673 2436 Quis
694 2360 776 2419 enirn
795 2356 886 2416 novis
904 2357 1009 2435 nuptis
1030 2354 1134 2415 obtata
1154 2376 1284 2415 munera
1304 2358 1429 2437 ignorat

332 2445 364 2495 et
375 2436 621 2521 Morganegibam
642 2484 652 2519 ,
674 2440 714 2501 de
733 2460 795 2522 qua
813 2448 917 2499 noster
937 2440 1102 2521 Gregorius
1114 2436 1249 2519 aliique?
1269 2438 1321 2498 Sic
1334 2441 1432 2520 igitur

332 2517 612 2601 interpretationem
630 2542 774 2583 recense:
795 2520 877 2582 Aliis
903 2523 1026 2604 imnper
1046 2521 1226 2605 nuptialibus
1251 2520 1339 2580 donr'r
1369 2524 1431 2581 od-

331 2600 402 2661 iect't
429 2602 569 2685 Ataulsm
606 2607 822 2690 qninquaginta
837 2606 994 2683 somnam
1013 2624 1147 2688 picem,
1180 2605 1281 2665 scricis
1308 2604 1431 2664 inditos
1455 2660 1466 2677 ,

331 2684 477 2763 ustibus,
505 2708 629 2772 priunum
649 2688 760 2769 setigwti
786 2698 910 2771 utruque
939 2706 1031 2746 naaria
1063 2686 1148 2748 birros
1178 2688 1309 2769 iugem
1329 2686 1432 2749 drama
1501 2741 1502 2746 ,

319 2767 487 2849 findant,
503 2772 630 2831 altanum
644 2792 719 2832 astro
736 2770 878 2855 plenitur,
897 2769 1022 2829 aderam
1039 2771 1164 2852 gemmis
1178 2780 1236 2836 etc.
1501 2777 1503 2804 '

416 2850 496 2933 Pag.
510 2872 542 2937 9.
553 2854 594 2913 A.
610 2851 697 2936 [iss
723 2851 786 2935 rm]
807 2852 869 2913 Pro
891 2852 1027 2912 Rustorio
1048 2852 1113 2913 sive
1125 2854 1253 2914 Rnsoeio
1275 2852 1434 2936 Inter-pree

303 2947 305 2951 '
332 2934 498 3015 subrogare
523 2934 618 2995 malit
636 2938 820 2997 Rmticiwn:
847 2934 901 2995 sed
922 2937 1035 2995 cavesis
1055 2936 1222 2997 confundas
1242 2957 1314 2997 enm
1334 2937 1431 2997 Deci·

333 3020 395 3080 mio
415 3018 561 3097 Rustico,
582 3020 634 3099 qui
663 3038 697 3078 es
729 3020 876 3099 Magistro
904 3016 1073 3078 officiorum
1102 3018 1199 3079 factus
1224 3031 1433 3102 tyrannorum

333 3102 526 3182 praefectus,
555 3099 638 3182 apud
660 3108 816 3161 Arvernos
838 3110 909 3161 ante
932 3102 1089 3161 biennium
1109 3122 1129 3161 a
1150 3102 1277 3162 ducihrts
1293 3104 1430 3165 Honori-

334 3184 402 3245 anis
414 3194 519 3265 captus
538 3193 569 3243 et
589 3182 752 3245 crudeliter
769 3187 967 3265 interemptus
986 3195 1031 3246 est
1051 3206 1122 3245 cum
1133 3183 1296 3268 Agroecio,
1311 3207 1348 3245 er
1366 3188 1433 3268 pri-

333 3269 459 3329 micerio
479 3269 669 3328 notariorum
690 3268 809 3347 lovini,
833 3268 995 3351 multisque
1014 3267 1189 3346 nobilibus3
1213 3280 1249 3329 ut
1263 3272 1431 3329 memoriae

333 3349 470 3432 prodidit
489 3350 625 3413 Renatus
646 3352 831 3413 Profuturus
850 3352 1025 3435 Frigeridus
1053 3350 1083 3412 in
1115 3352 1174 3413 iam
1195 3372 1284 3435 saepe
1303 3351 1433 3413 laudato

334 3434 416 3522 apud
442 3437 625 3518 Gregorium
643 3436 821 3518 fragmento.

419 3516 498 3599 Peg.
508 3540 539 3597 o.
551 3520 590 3579 A.
606 3518 763 3605 [458‚15.]
772 3519 898 3581 Albinus
911 3519 981 3579 urbi
990 3520 1166 3603 praefectus.
1186 3517 1289 3577 Gessit
1309 3517 1433 3597 praefe-

334 3610 453 3661 eturam
471 3587 622 3664 urhanam
635 3602 810 3683 annotari„
833 3622 895 3685 quo
914 3600 1082 3662 Placidiam
1102 3601 1189 3661 duxit
1209 3597 1374 3677 Amulius,
1395 3612 1431 3660 nt

334 3682 483 3743 miraculo
500 3690 671 3766 proximum
685 3687 724 3747 sit
744 3687 824 3747 intra
835 3683 1069 3767 quadriennium
1079 3684 1231 3744 Gothicae
1249 3682 1433 3764 direptionis

335 3765 1207 3933 itihiishf'iifiiiimriiiihaiiliiiiogstiitinhmishhiiuioe
1227 3764 1347 3827 Albim
1358 3787 1431 3850 ῳ

460 3934 585 4021 Ianique
600 3939 671 3997 aliis
685 3938 811 3997 Romam
828 3934 1011 3995 redeuntibus
1024 3935 1126 3994 dam
1149 3935 1232 3994 matti
1288 3994 1293 4004 ,

502 4018 604 4105 Rufius
619 4019 726 4081 Albini
737 4022 837 4102 glor-1⁶11
849 4020 925 4078 viva
933 4019 1050 4101 patris,

460 4102 526 4187 Qui
550 4098 657 4161 Voltu'
673 4105 739 4164 anti
756 4125 795 4164 no
810 4102 928 4163 derivat
942 4112 1090 4160 stenmtate
1108 4118 1238 4174 nomen,

503 4126 794 4269 armanda,
814 4184 1041 4261 mennam,
1059 4184 1161 4265 iniit.
