<?xml version="1.0" encoding="UTF-8"?>
<!DOCTYPE html PUBLIC "-//W3C//DTD XHTML 1.0 Transitional//EN"
    "http://www.w3.org/TR/xhtml1/DTD/xhtml1-transitional.dtd">
<html xmlns="http://www.w3.org/1999/xhtml" xml:lang="en" lang="en">
 <head>
  <title>
</title>
<meta http-equiv="Content-Type" content="text/html;charset=utf-8" />
  <meta name='ocr-system' content='tesseract 3.04.00' />
  <meta name='ocr-capabilities' content='ocr_page ocr_carea ocr_par ocr_line ocrx_word'/>
</head>
<body>
  <div class='ocr_page' id='page_1' title='image "./corpusscriptoru41niebgoog_0040.png"; bbox 0 0 3050 4892; ppageno 0'>
   <div class='ocr_carea' id='block_1_1' title="bbox 343 319 1185 430">
    <p class='ocr_par' dir='ltr' id='par_1_1' title="bbox 343 319 1185 430">
     <span class='ocr_line' id='line_1_1' title="bbox 343 319 1185 430; baseline -0.011 -7"><span class='ocrx_word' id='word_1_1' title='bbox 343 359 466 423; x_wconf 78' lang='lat' dir='ltr'>xxxvi</span> <span class='ocrx_word' id='word_1_2' title='bbox 573 356 627 430; x_wconf 84' lang='lat' dir='ltr'>ns</span> <span class='ocrx_word' id='word_1_3' title='bbox 654 319 872 420; x_wconf 74' lang='lat' dir='ltr'>menaeus</span> <span class='ocrx_word' id='word_1_4' title='bbox 899 349 1185 418; x_wconf 70' lang='lat' dir='ltr'>monuerim.</span> 
     </span>
    </p>
   </div>
   <div class='ocr_carea' id='block_1_2' title="bbox 287 505 1448 3669">
    <p class='ocr_par' dir='ltr' id='par_1_2' title="bbox 347 505 1439 891">
     <span class='ocr_line' id='line_1_2' title="bbox 347 505 1438 596; baseline 0 -23"><span class='ocrx_word' id='word_1_5' title='bbox 347 521 438 596; x_wconf 75' lang='lat' dir='ltr'>atque</span> <span class='ocrx_word' id='word_1_6' title='bbox 457 511 489 576; x_wconf 90' lang='lat' dir='ltr'>in</span> <span class='ocrx_word' id='word_1_7' title='bbox 501 507 639 588; x_wconf 83' lang='lat' dir='ltr'>elencho,</span> <span class='ocrx_word' id='word_1_8' title='bbox 660 510 714 591; x_wconf 89' lang='lat' dir='ltr'>qui</span> <span class='ocrx_word' id='word_1_9' title='bbox 730 508 758 570; x_wconf 90' lang='lat' dir='ltr'>ei</span> <span class='ocrx_word' id='word_1_10' title='bbox 780 505 948 582; x_wconf 87' lang='lat' dir='ltr'>subiicitur,</span> <span class='ocrx_word' id='word_1_11' title='bbox 970 505 1009 566; x_wconf 88' lang='lat' dir='ltr'>de</span> <span class='ocrx_word' id='word_1_12' title='bbox 1028 505 1143 567; x_wconf 84' lang='lat' dir='ltr'>Seviris</span> <span class='ocrx_word' id='word_1_13' title='bbox 1161 525 1327 588; x_wconf 83' lang='lat' dir='ltr'>equorum</span> <span class='ocrx_word' id='word_1_14' title='bbox 1347 506 1438 572; x_wconf 82' lang='lat' dir='ltr'>libris</span> 
     </span>
     <span class='ocr_line' id='line_1_3' title="bbox 347 603 1438 719; baseline 0 -47"><span class='ocrx_word' id='word_1_15' title='bbox 347 611 465 692; x_wconf 81' lang='lat' dir='ltr'><strong>eclogas</strong></span> <span class='ocrx_word' id='word_1_16' title='bbox 494 609 532 672; x_wconf 93' lang='lat' dir='ltr'>de</span> <span class='ocrx_word' id='word_1_17' title='bbox 557 608 755 692; x_wconf 78' lang='lat' dir='ltr'><strong>legationibus</strong></span> <span class='ocrx_word' id='word_1_18' title='bbox 778 603 974 719; x_wconf 51' lang='lat' dir='ltr'>tgoeschelius</span> <span class='ocrx_word' id='word_1_19' title='bbox 995 606 1110 680; x_wconf 83' lang='lat' dir='ltr'><strong>edidit,</strong></span> <span class='ocrx_word' id='word_1_20' title='bbox 1133 608 1248 668; x_wconf 85' lang='lat' dir='ltr'>omittit</span> <span class='ocrx_word' id='word_1_21' title='bbox 1265 607 1438 692; x_wconf 79' lang='lat' dir='ltr'>Dexippum</span> 
     </span>
     <span class='ocr_line' id='line_1_4' title="bbox 348 703 1439 791; baseline -0.004 -21"><span class='ocrx_word' id='word_1_22' title='bbox 348 721 378 770; x_wconf 92' lang='lat' dir='ltr'>et</span> <span class='ocrx_word' id='word_1_23' title='bbox 404 711 588 791; x_wconf 89' lang='lat' dir='ltr'>Eunapium.</span> <span class='ocrx_word' id='word_1_24' title='bbox 640 706 760 768; x_wconf 78' lang='lat' dir='ltr'>Scilicet</span> <span class='ocrx_word' id='word_1_25' title='bbox 780 728 815 768; x_wconf 78' lang='lat' dir='ltr'>sx</span> <span class='ocrx_word' id='word_1_26' title='bbox 845 705 892 766; x_wconf 91' lang='lat' dir='ltr'>his</span> <span class='ocrx_word' id='word_1_27' title='bbox 912 703 991 766; x_wconf 86' lang='lat' dir='ltr'>nihil</span> <span class='ocrx_word' id='word_1_28' title='bbox 1011 708 1042 764; x_wconf 91' lang='lat' dir='ltr'>in</span> <span class='ocrx_word' id='word_1_29' title='bbox 1062 715 1182 765; x_wconf 89' lang='lat' dir='ltr'>tomum</span> <span class='ocrx_word' id='word_1_30' title='bbox 1203 703 1377 790; x_wconf 70' lang='lat' dir='ltr'>eclogarum</span> <span class='ocrx_word' id='word_1_31' title='bbox 1396 709 1439 772; x_wconf 82' lang='lat' dir='ltr'>de</span> 
     </span>
     <span class='ocr_line' id='line_1_5' title="bbox 347 801 1190 891; baseline -0.002 -23"><span class='ocrx_word' id='word_1_32' title='bbox 347 807 547 891; x_wconf 79' lang='lat' dir='ltr'>legationibus</span> <span class='ocrx_word' id='word_1_33' title='bbox 560 808 769 867; x_wconf 85' lang='lat' dir='ltr'>Romanorum</span> <span class='ocrx_word' id='word_1_34' title='bbox 791 805 830 866; x_wconf 86' lang='lat' dir='ltr'>ad</span> <span class='ocrx_word' id='word_1_35' title='bbox 852 814 954 886; x_wconf 77' lang='lat' dir='ltr'>gentes</span> <span class='ocrx_word' id='word_1_36' title='bbox 976 801 1095 864; x_wconf 85' lang='lat' dir='ltr'>illatum</span> <span class='ocrx_word' id='word_1_37' title='bbox 1114 815 1190 866; x_wconf 87' lang='lat' dir='ltr'>erat.</span> 
     </span>
    </p>

    <p class='ocr_par' dir='ltr' id='par_1_3' title="bbox 287 902 1448 2974">
     <span class='ocr_line' id='line_1_6' title="bbox 431 902 1437 989; baseline 0.002 -23"><span class='ocrx_word' id='word_1_38' title='bbox 431 907 488 968; x_wconf 89' lang='lat' dir='ltr'>His</span> <span class='ocrx_word' id='word_1_39' title='bbox 508 907 646 988; x_wconf 87' lang='lat' dir='ltr'>expositis</span> <span class='ocrx_word' id='word_1_40' title='bbox 666 927 731 965; x_wconf 89' lang='lat' dir='ltr'>non</span> <span class='ocrx_word' id='word_1_41' title='bbox 751 925 826 986; x_wconf 91' lang='lat' dir='ltr'>opus</span> <span class='ocrx_word' id='word_1_42' title='bbox 855 905 913 964; x_wconf 91' lang='lat' dir='ltr'>erit</span> <span class='ocrx_word' id='word_1_43' title='bbox 931 902 1072 985; x_wconf 86' lang='lat' dir='ltr'>pluribus</span> <span class='ocrx_word' id='word_1_44' title='bbox 1089 903 1191 965; x_wconf 84' lang='lat' dir='ltr'>verbis</span> <span class='ocrx_word' id='word_1_45' title='bbox 1210 905 1359 987; x_wconf 70' lang='lat' dir='ltr'>prohale,</span> <span class='ocrx_word' id='word_1_46' title='bbox 1382 928 1437 989; x_wconf 85' lang='lat' dir='ltr'>ge·</span> 
     </span>
     <span class='ocr_line' id='line_1_7' title="bbox 349 1002 1438 1086; baseline -0.002 -17"><span class='ocrx_word' id='word_1_47' title='bbox 349 1010 466 1069; x_wconf 90' lang='lat' dir='ltr'>minum</span> <span class='ocrx_word' id='word_1_48' title='bbox 485 1007 574 1068; x_wconf 90' lang='lat' dir='ltr'>fuisse</span> <span class='ocrx_word' id='word_1_49' title='bbox 588 1005 759 1086; x_wconf 83' lang='lat' dir='ltr'>eclogarum</span> <span class='ocrx_word' id='word_1_50' title='bbox 777 1003 815 1064; x_wconf 94' lang='lat' dir='ltr'>de</span> <span class='ocrx_word' id='word_1_51' title='bbox 835 1002 1034 1085; x_wconf 83' lang='lat' dir='ltr'>legationibus</span> <span class='ocrx_word' id='word_1_52' title='bbox 1047 1003 1182 1082; x_wconf 89' lang='lat' dir='ltr'>titulum,</span> <span class='ocrx_word' id='word_1_53' title='bbox 1202 1025 1334 1086; x_wconf 85' lang='lat' dir='ltr'>quorum</span> <span class='ocrx_word' id='word_1_54' title='bbox 1346 1003 1438 1085; x_wconf 84' lang='lat' dir='ltr'>alter,</span> 
     </span>
     <span class='ocr_line' id='line_1_8' title="bbox 349 1102 1439 1184; baseline -0.016 -14"><span class='ocrx_word' id='word_1_55' title='bbox 349 1108 483 1169; x_wconf 88' lang='lat' dir='ltr'>XXVII.</span> <span class='ocrx_word' id='word_1_56' title='bbox 507 1127 524 1166; x_wconf 90' lang='lat' dir='ltr'>e</span> <span class='ocrx_word' id='word_1_57' title='bbox 551 1125 747 1166; x_wconf 88' lang='lat' dir='ltr'>numerorum</span> <span class='ocrx_word' id='word_1_58' title='bbox 767 1103 893 1180; x_wconf 82' lang='lat' dir='ltr'>ordine,</span> <span class='ocrx_word' id='word_1_59' title='bbox 927 1105 1043 1184; x_wconf 86' lang='lat' dir='ltr'>integer</span> <span class='ocrx_word' id='word_1_60' title='bbox 1070 1123 1142 1162; x_wconf 87' lang='lat' dir='ltr'>cum</span> <span class='ocrx_word' id='word_1_61' title='bbox 1171 1102 1356 1184; x_wconf 81' lang='lat' dir='ltr'>praefatione</span> <span class='ocrx_word' id='word_1_62' title='bbox 1383 1125 1439 1166; x_wconf 83' lang='lat' dir='ltr'>ex.</span> 
     </span>
     <span class='ocr_line' id='line_1_9' title="bbox 287 1203 1440 1287; baseline -0.004 -18"><span class='ocrx_word' id='word_1_63' title='bbox 287 1244 293 1250; x_wconf 96' lang='lat'>-</span> <span class='ocrx_word' id='word_1_64' title='bbox 351 1218 430 1285; x_wconf 87' lang='lat' dir='ltr'>stat,</span> <span class='ocrx_word' id='word_1_65' title='bbox 451 1204 733 1287; x_wconf 81' lang='lat' dir='ltr'>alteriuspraefatio</span> <span class='ocrx_word' id='word_1_66' title='bbox 755 1203 859 1280; x_wconf 87' lang='lat' dir='ltr'>abest,</span> <span class='ocrx_word' id='word_1_67' title='bbox 880 1223 941 1284; x_wconf 90' lang='lat' dir='ltr'>qua</span> <span class='ocrx_word' id='word_1_68' title='bbox 972 1204 1081 1263; x_wconf 91' lang='lat' dir='ltr'>amissa</span> <span class='ocrx_word' id='word_1_69' title='bbox 1102 1205 1166 1263; x_wconf 90' lang='lat' dir='ltr'>eius</span> <span class='ocrx_word' id='word_1_70' title='bbox 1185 1223 1331 1264; x_wconf 75' lang='lat' dir='ltr'>numer-m</span> <span class='ocrx_word' id='word_1_71' title='bbox 1351 1203 1440 1285; x_wconf 86' lang='lat' dir='ltr'>igno-</span> 
     </span>
     <span class='ocr_line' id='line_1_10' title="bbox 350 1300 1439 1387; baseline -0.003 -20"><span class='ocrx_word' id='word_1_72' title='bbox 350 1317 462 1384; x_wconf 79' lang='lat' dir='ltr'>ratur3</span> <span class='ocrx_word' id='word_1_73' title='bbox 496 1326 587 1387; x_wconf 89' lang='lat' dir='ltr'>quem</span> <span class='ocrx_word' id='word_1_74' title='bbox 606 1316 708 1365; x_wconf 89' lang='lat' dir='ltr'>tamen</span> <span class='ocrx_word' id='word_1_75' title='bbox 729 1315 783 1364; x_wconf 89' lang='lat' dir='ltr'>aut</span> <span class='ocrx_word' id='word_1_76' title='bbox 801 1302 916 1362; x_wconf 84' lang='lat' dir='ltr'>XXVI.</span> <span class='ocrx_word' id='word_1_77' title='bbox 937 1312 992 1362; x_wconf 91' lang='lat' dir='ltr'>aut</span> <span class='ocrx_word' id='word_1_78' title='bbox 1008 1301 1158 1362; x_wconf 82' lang='lat' dir='ltr'>XXVIII.</span> <span class='ocrx_word' id='word_1_79' title='bbox 1179 1300 1273 1372; x_wconf 79' lang='lat' dir='ltr'>fuisse</span> <span class='ocrx_word' id='word_1_80' title='bbox 1294 1304 1373 1364; x_wconf 86' lang='lat' dir='ltr'>ratio</span> <span class='ocrx_word' id='word_1_81' title='bbox 1393 1304 1439 1364; x_wconf 89' lang='lat' dir='ltr'>rei</span> 
     </span>
     <span class='ocr_line' id='line_1_11' title="bbox 352 1400 1441 1488; baseline 0.002 -24"><span class='ocrx_word' id='word_1_82' title='bbox 352 1406 449 1488; x_wconf 88' lang='lat' dir='ltr'>cogit:</span> <span class='ocrx_word' id='word_1_83' title='bbox 473 1405 615 1488; x_wconf 88' lang='lat' dir='ltr'>denique,</span> <span class='ocrx_word' id='word_1_84' title='bbox 636 1425 714 1486; x_wconf 86' lang='lat' dir='ltr'>quae</span> <span class='ocrx_word' id='word_1_85' title='bbox 732 1425 768 1464; x_wconf 88' lang='lat' dir='ltr'>ex</span> <span class='ocrx_word' id='word_1_86' title='bbox 787 1411 918 1484; x_wconf 89' lang='lat' dir='ltr'>utroque</span> <span class='ocrx_word' id='word_1_87' title='bbox 933 1412 1097 1484; x_wconf 83' lang='lat' dir='ltr'>supersunt</span> <span class='ocrx_word' id='word_1_88' title='bbox 1110 1402 1145 1478; x_wconf 91' lang='lat' dir='ltr'>in</span> <span class='ocrx_word' id='word_1_89' title='bbox 1158 1400 1323 1464; x_wconf 88' lang='lat' dir='ltr'>Schottano</span> <span class='ocrx_word' id='word_1_90' title='bbox 1335 1403 1441 1467; x_wconf 85' lang='lat' dir='ltr'>codice</span> 
     </span>
     <span class='ocr_line' id='line_1_12' title="bbox 352 1503 1441 1584; baseline 0 -19"><span class='ocrx_word' id='word_1_91' title='bbox 352 1506 514 1565; x_wconf 89' lang='lat' dir='ltr'>coniuncta</span> <span class='ocrx_word' id='word_1_92' title='bbox 528 1505 683 1564; x_wconf 88' lang='lat' dir='ltr'>exstitisse.</span> <span class='ocrx_word' id='word_1_93' title='bbox 714 1504 780 1568; x_wconf 84' lang='lat' dir='ltr'>Iani</span> <span class='ocrx_word' id='word_1_94' title='bbox 793 1523 868 1563; x_wconf 88' lang='lat' dir='ltr'>vero</span> <span class='ocrx_word' id='word_1_95' title='bbox 887 1503 1068 1584; x_wconf 81' lang='lat' dir='ltr'>perspicitur</span> <span class='ocrx_word' id='word_1_96' title='bbox 1087 1523 1148 1583; x_wconf 86' lang='lat' dir='ltr'>qua</span> <span class='ocrx_word' id='word_1_97' title='bbox 1167 1505 1285 1564; x_wconf 87' lang='lat' dir='ltr'>ratione</span> <span class='ocrx_word' id='word_1_98' title='bbox 1304 1505 1441 1566; x_wconf 83' lang='lat' dir='ltr'>evenerit</span> 
     </span>
     <span class='ocr_line' id='line_1_13' title="bbox 351 1599 1442 1686; baseline 0.003 -24"><span class='ocrx_word' id='word_1_99' title='bbox 351 1614 388 1662; x_wconf 90' lang='lat' dir='ltr'>ut</span> <span class='ocrx_word' id='word_1_100' title='bbox 402 1606 492 1663; x_wconf 85' lang='lat' dir='ltr'>etiam</span> <span class='ocrx_word' id='word_1_101' title='bbox 506 1606 537 1662; x_wconf 92' lang='lat' dir='ltr'>in</span> <span class='ocrx_word' id='word_1_102' title='bbox 549 1601 725 1686; x_wconf 86' lang='lat' dir='ltr'>Polybianis</span> <span class='ocrx_word' id='word_1_103' title='bbox 738 1601 888 1684; x_wconf 82' lang='lat' dir='ltr'>plurimae</span> <span class='ocrx_word' id='word_1_104' title='bbox 903 1599 1022 1682; x_wconf 90' lang='lat' dir='ltr'>eclogae</span> <span class='ocrx_word' id='word_1_105' title='bbox 1034 1620 1069 1660; x_wconf 83' lang='lat' dir='ltr'>er</span> <span class='ocrx_word' id='word_1_106' title='bbox 1089 1621 1194 1660; x_wconf 84' lang='lat' dir='ltr'>earum</span> <span class='ocrx_word' id='word_1_107' title='bbox 1214 1622 1341 1662; x_wconf 88' lang='lat' dir='ltr'>numero</span> <span class='ocrx_word' id='word_1_108' title='bbox 1362 1623 1442 1686; x_wconf 84' lang='lat' dir='ltr'>quas</span> 
     </span>
     <span class='ocr_line' id='line_1_14' title="bbox 351 1699 1442 1786; baseline 0.001 -24"><span class='ocrx_word' id='word_1_109' title='bbox 351 1700 484 1762; x_wconf 85' lang='lat' dir='ltr'>Ursinus</span> <span class='ocrx_word' id='word_1_110' title='bbox 505 1700 599 1761; x_wconf 89' lang='lat' dir='ltr'>edidit</span> <span class='ocrx_word' id='word_1_111' title='bbox 619 1722 638 1761; x_wconf 88' lang='lat' dir='ltr'>a</span> <span class='ocrx_word' id='word_1_112' title='bbox 653 1701 798 1761; x_wconf 89' lang='lat' dir='ltr'>Bavarico</span> <span class='ocrx_word' id='word_1_113' title='bbox 822 1700 922 1760; x_wconf 86' lang='lat' dir='ltr'>absint</span> <span class='ocrx_word' id='word_1_114' title='bbox 935 1699 992 1777; x_wconf 72' lang='grc' dir='ltr'>67)ε</span> <span class='ocrx_word' id='word_1_115' title='bbox 1014 1700 1116 1781; x_wconf 89' lang='lat' dir='ltr'>agitur</span> <span class='ocrx_word' id='word_1_116' title='bbox 1135 1703 1216 1760; x_wconf 87' lang='lat' dir='ltr'>enirn</span> <span class='ocrx_word' id='word_1_117' title='bbox 1235 1701 1279 1762; x_wconf 91' lang='lat' dir='ltr'>ihi</span> <span class='ocrx_word' id='word_1_118' title='bbox 1299 1701 1338 1762; x_wconf 91' lang='lat' dir='ltr'>de</span> <span class='ocrx_word' id='word_1_119' title='bbox 1358 1699 1442 1786; x_wconf 89' lang='lat' dir='ltr'>lega-</span> 
     </span>
     <span class='ocr_line' id='line_1_15' title="bbox 352 1798 1441 1882; baseline 0.003 -22"><span class='ocrx_word' id='word_1_120' title='bbox 352 1800 486 1861; x_wconf 89' lang='lat' dir='ltr'>tionibus</span> <span class='ocrx_word' id='word_1_121' title='bbox 506 1822 582 1882; x_wconf 88' lang='lat' dir='ltr'>quas</span> <span class='ocrx_word' id='word_1_122' title='bbox 604 1801 733 1861; x_wconf 82' lang='lat' dir='ltr'>Romani</span> <span class='ocrx_word' id='word_1_123' title='bbox 759 1801 921 1860; x_wconf 85' lang='lat' dir='ltr'>miserant:</span> <span class='ocrx_word' id='word_1_124' title='bbox 945 1798 1104 1881; x_wconf 80' lang='lat' dir='ltr'>idemque,</span> <span class='ocrx_word' id='word_1_125' title='bbox 1133 1801 1172 1860; x_wconf 73' lang='lat' dir='ltr'>si‘</span> <span class='ocrx_word' id='word_1_126' title='bbox 1184 1801 1252 1882; x_wconf 70' lang='lat' dir='ltr'>(pris</span> <span class='ocrx_word' id='word_1_127' title='bbox 1272 1800 1311 1862; x_wconf 89' lang='lat' dir='ltr'>de</span> <span class='ocrx_word' id='word_1_128' title='bbox 1331 1801 1441 1864; x_wconf 85' lang='lat' dir='ltr'>Dionis</span> 
     </span>
     <span class='ocr_line' id='line_1_16' title="bbox 354 1897 1442 1983; baseline 0.002 -23"><span class='ocrx_word' id='word_1_129' title='bbox 354 1899 549 1982; x_wconf 80' lang='lat' dir='ltr'>Appianique</span> <span class='ocrx_word' id='word_1_130' title='bbox 562 1900 670 1982; x_wconf 89' lang='lat' dir='ltr'>eclogis</span> <span class='ocrx_word' id='word_1_131' title='bbox 684 1909 820 1981; x_wconf 88' lang='lat' dir='ltr'>quaeret,</span> <span class='ocrx_word' id='word_1_132' title='bbox 833 1897 968 1958; x_wconf 88' lang='lat' dir='ltr'>inveniat</span> <span class='ocrx_word' id='word_1_133' title='bbox 979 1919 1098 1960; x_wconf 63' lang='lat' dir='ltr'>necem</span> <span class='ocrx_word' id='word_1_134' title='bbox 1113 1911 1167 1962; x_wconf 91' lang='lat' dir='ltr'>est.</span> <span class='ocrx_word' id='word_1_135' title='bbox 1191 1902 1297 1983; x_wconf 86' lang='lat' dir='ltr'>ltaque</span> <span class='ocrx_word' id='word_1_136' title='bbox 1309 1920 1442 1982; x_wconf 86' lang='lat' dir='ltr'>areprc·</span> 
     </span>
     <span class='ocr_line' id='line_1_17' title="bbox 354 1993 1442 2081; baseline 0.002 -22"><span class='ocrx_word' id='word_1_137' title='bbox 354 1997 499 2060; x_wconf 78' lang='lat' dir='ltr'>honsione</span> <span class='ocrx_word' id='word_1_138' title='bbox 519 1997 667 2060; x_wconf 87' lang='lat' dir='ltr'>liberatur</span> <span class='ocrx_word' id='word_1_139' title='bbox 686 1993 1054 2076; x_wconf 81' lang='lat' dir='ltr'>summusCasaubonus,</span> <span class='ocrx_word' id='word_1_140' title='bbox 1075 2000 1140 2080; x_wconf 90' lang='lat' dir='ltr'>qui,</span> <span class='ocrx_word' id='word_1_141' title='bbox 1160 2020 1255 2081; x_wconf 87' lang='lat' dir='ltr'>quum</span> <span class='ocrx_word' id='word_1_142' title='bbox 1276 2002 1308 2060; x_wconf 94' lang='lat' dir='ltr'>in</span> <span class='ocrx_word' id='word_1_143' title='bbox 1329 1999 1442 2062; x_wconf 91' lang='lat' dir='ltr'>biblio·</span> 
     </span>
     <span class='ocr_line' id='line_1_18' title="bbox 352 2095 1442 2181; baseline 0.002 -23"><span class='ocrx_word' id='word_1_144' title='bbox 352 2098 442 2160; x_wconf 87' lang='lat' dir='ltr'>theca</span> <span class='ocrx_word' id='word_1_145' title='bbox 461 2099 582 2160; x_wconf 86' lang='lat' dir='ltr'>Thuani</span> <span class='ocrx_word' id='word_1_146' title='bbox 601 2100 734 2181; x_wconf 89' lang='lat' dir='ltr'>primum</span> <span class='ocrx_word' id='word_1_147' title='bbox 766 2097 884 2157; x_wconf 82' lang='lat' dir='ltr'>barum·</span> <span class='ocrx_word' id='word_1_148' title='bbox 896 2095 1068 2178; x_wconf 88' lang='lat' dir='ltr'>eclogarum</span> <span class='ocrx_word' id='word_1_149' title='bbox 1089 2108 1208 2158; x_wconf 87' lang='lat' dir='ltr'>tomum</span> <span class='ocrx_word' id='word_1_150' title='bbox 1227 2110 1342 2160; x_wconf 81' lang='lat' dir='ltr'>exstare</span> <span class='ocrx_word' id='word_1_151' title='bbox 1365 2101 1442 2162; x_wconf 89' lang='lat' dir='ltr'>scri-</span> 
     </span>
     <span class='ocr_line' id='line_1_19' title="bbox 307 2193 1443 2280; baseline 0.004 -24"><span class='ocrx_word' id='word_1_152' title='bbox 307 2193 315 2206; x_wconf 84' lang='grc'><em>“</em></span> <span class='ocrx_word' id='word_1_153' title='bbox 353 2195 464 2272; x_wconf 90' lang='lat' dir='ltr'>heret,</span> <span class='ocrx_word' id='word_1_154' title='bbox 493 2218 554 2279; x_wconf 93' lang='lat' dir='ltr'>quo</span> <span class='ocrx_word' id='word_1_155' title='bbox 575 2207 675 2255; x_wconf 86' lang='lat' dir='ltr'>tamen</span> <span class='ocrx_word' id='word_1_156' title='bbox 697 2217 801 2254; x_wconf 88' lang='lat' dir='ltr'>earnm</span> <span class='ocrx_word' id='word_1_157' title='bbox 821 2216 938 2277; x_wconf 88' lang='lat' dir='ltr'>quaec</span> <span class='ocrx_word' id='word_1_158' title='bbox 962 2195 1092 2280; x_wconf 79' lang='lat' dir='ltr'>Polybio</span> <span class='ocrx_word' id='word_1_159' title='bbox 1110 2201 1221 2279; x_wconf 89' lang='lat' dir='ltr'>petitae</span> <span class='ocrx_word' id='word_1_160' title='bbox 1243 2199 1303 2259; x_wconf 90' lang='lat' dir='ltr'>sint</span> <span class='ocrx_word' id='word_1_161' title='bbox 1320 2201 1443 2261; x_wconf 89' lang='lat' dir='ltr'>nonnisi</span> 
     </span>
     <span class='ocr_line' id='line_1_20' title="bbox 354 2292 1442 2382; baseline 0.006 -29"><span class='ocrx_word' id='word_1_162' title='bbox 354 2314 424 2376; x_wconf 83' lang='lat' dir='ltr'>pars</span> <span class='ocrx_word' id='word_1_163' title='bbox 446 2295 709 2374; x_wconf 80' lang='lat' dir='ltr'>contineretur⁵⁸)‚</span> <span class='ocrx_word' id='word_1_164' title='bbox 722 2293 846 2354; x_wconf 86' lang='lat' dir='ltr'>minime</span> <span class='ocrx_word' id='word_1_165' title='bbox 860 2292 993 2356; x_wconf 89' lang='lat' dir='ltr'>errabat.</span> <span class='ocrx_word' id='word_1_166' title='bbox 1036 2295 1084 2357; x_wconf 85' lang='lat' dir='ltr'>Ac</span> <span class='ocrx_word' id='word_1_167' title='bbox 1097 2296 1161 2357; x_wconf 82' lang='lat' dir='ltr'>lieri</span> <span class='ocrx_word' id='word_1_168' title='bbox 1180 2307 1279 2382; x_wconf 87' lang='lat' dir='ltr'>potest</span> <span class='ocrx_word' id='word_1_169' title='bbox 1299 2307 1442 2380; x_wconf 82' lang='lat' dir='ltr'>utquam</span> 
     </span>
     <span class='ocr_line' id='line_1_21' title="bbox 357 2387 1444 2474; baseline 0.006 -22"><span class='ocrx_word' id='word_1_170' title='bbox 357 2392 408 2453; x_wconf 86' lang='lat' dir='ltr'>alii</span> <span class='ocrx_word' id='word_1_171' title='bbox 438 2393 643 2456; x_wconf 86' lang='lat' dir='ltr'>Theodosium</span> <span class='ocrx_word' id='word_1_172' title='bbox 673 2387 728 2456; x_wconf 79' lang='lat' dir='ltr'>adv</span> <span class='ocrx_word' id='word_1_173' title='bbox 755 2387 890 2474; x_wconf 79' lang='grc' dir='ltr'><strong><em>μικρὸν,</em></strong></span> <span class='ocrx_word' id='word_1_174' title='bbox 915 2393 1048 2456; x_wconf 86' lang='lat' dir='ltr'>Ursinus</span> <span class='ocrx_word' id='word_1_175' title='bbox 1074 2405 1175 2455; x_wconf 89' lang='lat' dir='ltr'>autem</span> <span class='ocrx_word' id='word_1_176' title='bbox 1197 2397 1342 2458; x_wconf 87' lang='lat' dir='ltr'>Ioannem</span> <span class='ocrx_word' id='word_1_177' title='bbox 1362 2397 1444 2458; x_wconf 90' lang='lat' dir='ltr'>Con-</span> 
     </span>
     <span class='ocr_line' id='line_1_22' title="bbox 356 2491 1443 2578; baseline 0.006 -26"><span class='ocrx_word' id='word_1_178' title='bbox 356 2491 682 2574; x_wconf 86' lang='lat' dir='ltr'>stantinopolitanum,</span> <span class='ocrx_word' id='word_1_179' title='bbox 705 2493 784 2554; x_wconf 88' lang='lat' dir='ltr'>hanc</span> <span class='ocrx_word' id='word_1_180' title='bbox 805 2491 1012 2554; x_wconf 88' lang='lat' dir='ltr'>collectionem</span> <span class='ocrx_word' id='word_1_181' title='bbox 1034 2497 1228 2556; x_wconf 88' lang='lat' dir='ltr'>concinnasse</span> <span class='ocrx_word' id='word_1_182' title='bbox 1249 2495 1443 2578; x_wconf 85' lang='lat' dir='ltr'>tradiderint,</span> 
     </span>
     <span class='ocr_line' id='line_1_23' title="bbox 356 2589 1444 2676; baseline 0.005 -24"><span class='ocrx_word' id='word_1_183' title='bbox 356 2589 437 2652; x_wconf 90' lang='lat' dir='ltr'>illius</span> <span class='ocrx_word' id='word_1_184' title='bbox 458 2590 556 2652; x_wconf 85' lang='lat' dir='ltr'>labori</span> <span class='ocrx_word' id='word_1_185' title='bbox 577 2591 740 2676; x_wconf 88' lang='lat' dir='ltr'>legationes</span> <span class='ocrx_word' id='word_1_186' title='bbox 760 2594 800 2653; x_wconf 87' lang='lat' dir='ltr'>ad</span> <span class='ocrx_word' id='word_1_187' title='bbox 821 2594 993 2672; x_wconf 87' lang='lat' dir='ltr'>Romanos,</span> <span class='ocrx_word' id='word_1_188' title='bbox 1013 2592 1105 2654; x_wconf 91' lang='lat' dir='ltr'>huius</span> <span class='ocrx_word' id='word_1_189' title='bbox 1124 2595 1231 2656; x_wconf 88' lang='lat' dir='ltr'>titulus</span> <span class='ocrx_word' id='word_1_190' title='bbox 1252 2597 1388 2657; x_wconf 83' lang='lat' dir='ltr'>XXVII.</span> <span class='ocrx_word' id='word_1_191' title='bbox 1409 2597 1444 2658; x_wconf 88' lang='lat' dir='ltr'>in</span> 
     </span>
     <span class='ocr_line' id='line_1_24' title="bbox 357 2691 1444 2758; baseline 0.006 -6"><span class='ocrx_word' id='word_1_192' title='bbox 357 2691 511 2752; x_wconf 88' lang='lat' dir='ltr'>codicibus</span> <span class='ocrx_word' id='word_1_193' title='bbox 539 2692 673 2754; x_wconf 86' lang='lat' dir='ltr'>tributus</span> <span class='ocrx_word' id='word_1_194' title='bbox 695 2695 746 2754; x_wconf 90' lang='lat' dir='ltr'>sit.</span> <span class='ocrx_word' id='word_1_195' title='bbox 788 2693 906 2755; x_wconf 88' lang='lat' dir='ltr'>Vereor</span> <span class='ocrx_word' id='word_1_196' title='bbox 941 2705 1043 2755; x_wconf 88' lang='lat' dir='ltr'>tamen</span> <span class='ocrx_word' id='word_1_197' title='bbox 1070 2715 1109 2754; x_wconf 90' lang='lat' dir='ltr'>ne</span> <span class='ocrx_word' id='word_1_198' title='bbox 1129 2693 1168 2755; x_wconf 89' lang='lat' dir='ltr'>de</span> <span class='ocrx_word' id='word_1_199' title='bbox 1197 2693 1369 2756; x_wconf 87' lang='lat' dir='ltr'>Theodosio</span> <span class='ocrx_word' id='word_1_200' title='bbox 1390 2695 1444 2758; x_wconf 93' lang='lat' dir='ltr'>illo</span> 
     </span>
     <span class='ocr_line' id='line_1_25' title="bbox 353 2785 1448 2878; baseline 0.006 -28"><span class='ocrx_word' id='word_1_201' title='bbox 353 2793 443 2850; x_wconf 77' lang='lat' dir='ltr'>&#39;error</span> <span class='ocrx_word' id='word_1_202' title='bbox 463 2793 529 2870; x_wconf 91' lang='lat' dir='ltr'>sit,</span> <span class='ocrx_word' id='word_1_203' title='bbox 550 2813 645 2874; x_wconf 91' lang='lat' dir='ltr'>quum</span> <span class='ocrx_word' id='word_1_204' title='bbox 663 2785 834 2866; x_wconf 80' lang='grc' dir='ltr'><strong><em>Θεοδόσιος</em></strong></span> <span class='ocrx_word' id='word_1_205' title='bbox 854 2786 995 2874; x_wconf 81' lang='grc' dir='ltr'><strong><em>ὅμικρὸς</em></strong></span> <span class='ocrx_word' id='word_1_206' title='bbox 1021 2794 1145 2855; x_wconf 86' lang='lat' dir='ltr'>Graecis</span> <span class='ocrx_word' id='word_1_207' title='bbox 1155 2794 1328 2878; x_wconf 79' lang='lat' dir='ltr'>Byzantinis</span> <span class='ocrx_word' id='word_1_208' title='bbox 1340 2793 1448 2857; x_wconf 85' lang='lat' dir='ltr'>Theo·</span> 
     </span>
     <span class='ocr_line' id='line_1_26' title="bbox 356 2888 1063 2974; baseline 0.001 -23"><span class='ocrx_word' id='word_1_209' title='bbox 356 2888 475 2952; x_wconf 90' lang='lat' dir='ltr'>dosium</span> <span class='ocrx_word' id='word_1_210' title='bbox 498 2893 649 2953; x_wconf 88' lang='lat' dir='ltr'>Minorem</span> <span class='ocrx_word' id='word_1_211' title='bbox 670 2892 886 2974; x_wconf 84' lang='lat' dir='ltr'>imperatorem</span> <span class='ocrx_word' id='word_1_212' title='bbox 907 2891 1063 2974; x_wconf 85' lang='lat' dir='ltr'>significet.</span> 
     </span>
    </p>

    <p class='ocr_par' dir='ltr' id='par_1_4' title="bbox 355 2991 1448 3274">
     <span class='ocr_line' id='line_1_27' title="bbox 439 2991 1448 3077; baseline 0.007 -26"><span class='ocrx_word' id='word_1_213' title='bbox 439 2991 486 3052; x_wconf 90' lang='lat' dir='ltr'>Ut</span> <span class='ocrx_word' id='word_1_214' title='bbox 507 2993 604 3053; x_wconf 90' lang='lat' dir='ltr'>omnis</span> <span class='ocrx_word' id='word_1_215' title='bbox 627 2993 657 3052; x_wconf 91' lang='lat' dir='ltr'>in</span> <span class='ocrx_word' id='word_1_216' title='bbox 678 3003 834 3074; x_wconf 89' lang='lat' dir='ltr'>posterum</span> <span class='ocrx_word' id='word_1_217' title='bbox 853 2991 974 3052; x_wconf 87' lang='lat' dir='ltr'>errandi</span> <span class='ocrx_word' id='word_1_218' title='bbox 994 2993 1110 3052; x_wconf 86' lang='lat' dir='ltr'>occasio</span> <span class='ocrx_word' id='word_1_219' title='bbox 1122 2991 1259 3071; x_wconf 89' lang='lat' dir='ltr'>tollatur,</span> <span class='ocrx_word' id='word_1_220' title='bbox 1281 3003 1448 3077; x_wconf 83' lang='lat' dir='ltr'>utramque</span> 
     </span>
     <span class='ocr_line' id='line_1_28' title="bbox 356 3089 1444 3177; baseline 0.006 -27"><span class='ocrx_word' id='word_1_221' title='bbox 356 3089 585 3170; x_wconf 86' lang='lat' dir='ltr'>collectionem,</span> <span class='ocrx_word' id='word_1_222' title='bbox 606 3114 662 3174; x_wconf 90' lang='lat' dir='ltr'>per</span> <span class='ocrx_word' id='word_1_223' title='bbox 680 3090 813 3175; x_wconf 88' lang='lat' dir='ltr'>singulos</span> <span class='ocrx_word' id='word_1_224' title='bbox 837 3102 975 3152; x_wconf 87' lang='lat' dir='ltr'>auctores</span> <span class='ocrx_word' id='word_1_225' title='bbox 995 3090 1144 3171; x_wconf 87' lang='lat' dir='ltr'>divisam,</span> <span class='ocrx_word' id='word_1_226' title='bbox 1164 3115 1219 3155; x_wconf 92' lang='lat' dir='ltr'>suo</span> <span class='ocrx_word' id='word_1_227' title='bbox 1243 3093 1387 3177; x_wconf 89' lang='lat' dir='ltr'>inscripto</span> <span class='ocrx_word' id='word_1_228' title='bbox 1403 3095 1444 3156; x_wconf 90' lang='lat' dir='ltr'>ti-</span> 
     </span>
     <span class='ocr_line' id='line_1_29' title="bbox 355 3172 1261 3274; baseline 0.003 -25"><span class='ocrx_word' id='word_1_229' title='bbox 355 3189 446 3264; x_wconf 88' lang='lat' dir='ltr'>tulo,</span> <span class='ocrx_word' id='word_1_230' title='bbox 470 3190 608 3251; x_wconf 86' lang='lat' dir='ltr'>distinxi:</span> <span class='ocrx_word' id='word_1_231' title='bbox 633 3189 715 3252; x_wconf 89' lang='lat' dir='ltr'>velut</span> <span class='ocrx_word' id='word_1_232' title='bbox 735 3213 767 3272; x_wconf 92' lang='lat' dir='ltr'>p.</span> <span class='ocrx_word' id='word_1_233' title='bbox 789 3211 856 3249; x_wconf 83' lang='lat'>121.</span> <span class='ocrx_word' id='word_1_234' title='bbox 880 3172 910 3249; x_wconf 80' lang='lat' dir='ltr'>et</span> <span class='ocrx_word' id='word_1_235' title='bbox 936 3191 1018 3267; x_wconf 67' lang='lat'>133„</span> <span class='ocrx_word' id='word_1_236' title='bbox 1044 3192 1114 3274; x_wconf 76' lang='lat'>139.</span> <span class='ocrx_word' id='word_1_237' title='bbox 1136 3191 1261 3254; x_wconf 66' lang='lat' dir='ltr'>et1166.</span> 
     </span>
    </p>

    <p class='ocr_par' dir='ltr' id='par_1_5' title="bbox 354 3289 1445 3669">
     <span class='ocr_line' id='line_1_30' title="bbox 440 3289 1444 3373; baseline 0.003 -23"><span class='ocrx_word' id='word_1_238' title='bbox 440 3290 547 3373; x_wconf 92' lang='lat' dir='ltr'>Itaque</span> <span class='ocrx_word' id='word_1_239' title='bbox 566 3312 628 3350; x_wconf 89' lang='lat' dir='ltr'>non</span> <span class='ocrx_word' id='word_1_240' title='bbox 649 3301 733 3364; x_wconf 87' lang='lat' dir='ltr'>tres,</span> <span class='ocrx_word' id='word_1_241' title='bbox 757 3289 810 3350; x_wconf 89' lang='lat' dir='ltr'>sed</span> <span class='ocrx_word' id='word_1_242' title='bbox 840 3299 972 3371; x_wconf 87' lang='lat' dir='ltr'>quatuor</span> <span class='ocrx_word' id='word_1_243' title='bbox 993 3311 1012 3350; x_wconf 91' lang='lat' dir='ltr'>e</span> <span class='ocrx_word' id='word_1_244' title='bbox 1038 3289 1228 3352; x_wconf 85' lang='lat' dir='ltr'>collectaneis</span> <span class='ocrx_word' id='word_1_245' title='bbox 1254 3289 1444 3354; x_wconf 64' lang='lat' dir='ltr'>Consmntini</span> 
     </span>
     <span class='ocr_line' id='line_1_31' title="bbox 355 3385 1445 3472; baseline 0.004 -26"><span class='ocrx_word' id='word_1_246' title='bbox 355 3385 611 3472; x_wconf 85' lang='lat' dir='ltr'>Porphyrogeniti</span> <span class='ocrx_word' id='word_1_247' title='bbox 627 3388 773 3448; x_wconf 89' lang='lat' dir='ltr'>habemus</span> <span class='ocrx_word' id='word_1_248' title='bbox 785 3387 907 3465; x_wconf 91' lang='lat' dir='ltr'>titulos,</span> <span class='ocrx_word' id='word_1_249' title='bbox 922 3400 1081 3470; x_wconf 86' lang='lat' dir='ltr'>postquam</span> <span class='ocrx_word' id='word_1_250' title='bbox 1102 3388 1147 3451; x_wconf 93' lang='lat' dir='ltr'>ill.</span> <span class='ocrx_word' id='word_1_251' title='bbox 1158 3391 1278 3469; x_wconf 86' lang='lat' dir='ltr'>Maius,</span> <span class='ocrx_word' id='word_1_252' title='bbox 1297 3391 1331 3450; x_wconf 89' lang='lat' dir='ltr'>in</span> <span class='ocrx_word' id='word_1_253' title='bbox 1345 3387 1445 3450; x_wconf 91' lang='lat' dir='ltr'>lucem</span> 
     </span>
     <span class='ocr_line' id='line_1_32' title="bbox 354 3485 1445 3571; baseline 0.006 -26"><span class='ocrx_word' id='word_1_254' title='bbox 354 3485 474 3566; x_wconf 86' lang='lat' dir='ltr'>prolata</span> <span class='ocrx_word' id='word_1_255' title='bbox 499 3489 627 3548; x_wconf 86' lang='lat' dir='ltr'>maxima</span> <span class='ocrx_word' id='word_1_256' title='bbox 652 3487 734 3547; x_wconf 86' lang='lat' dir='ltr'>tituli</span> <span class='ocrx_word' id='word_1_257' title='bbox 756 3489 795 3549; x_wconf 91' lang='lat' dir='ltr'>de</span> <span class='ocrx_word' id='word_1_258' title='bbox 817 3489 971 3549; x_wconf 85' lang='lat' dir='ltr'>sententiis</span> <span class='ocrx_word' id='word_1_259' title='bbox 996 3499 1100 3571; x_wconf 88' lang='lat' dir='ltr'>parte,</span> <span class='ocrx_word' id='word_1_260' title='bbox 1134 3489 1357 3551; x_wconf 85' lang='lat' dir='ltr'>immortalibus</span> <span class='ocrx_word' id='word_1_261' title='bbox 1381 3491 1445 3554; x_wconf 85' lang='lat' dir='ltr'>suis</span> 
     </span>
     <span class='ocr_line' id='line_1_33' title="bbox 356 3571 1215 3669; baseline 0.008 -26"><span class='ocrx_word' id='word_1_262' title='bbox 356 3583 395 3643; x_wconf 91' lang='lat' dir='ltr'>de</span> <span class='ocrx_word' id='word_1_263' title='bbox 415 3605 450 3643; x_wconf 90' lang='lat' dir='ltr'>re</span> <span class='ocrx_word' id='word_1_264' title='bbox 470 3571 616 3648; x_wconf 85' lang='lat' dir='ltr'>litteraria</span> <span class='ocrx_word' id='word_1_265' title='bbox 637 3586 759 3669; x_wconf 89' lang='lat' dir='ltr'>publica</span> <span class='ocrx_word' id='word_1_266' title='bbox 781 3588 896 3648; x_wconf 88' lang='lat' dir='ltr'>meritis</span> <span class='ocrx_word' id='word_1_267' title='bbox 917 3587 1075 3648; x_wconf 86' lang='lat' dir='ltr'>cumulum</span> <span class='ocrx_word' id='word_1_268' title='bbox 1094 3589 1215 3650; x_wconf 88' lang='lat' dir='ltr'>adiecit.</span> 
     </span>
    </p>
   </div>
   <div class='ocr_carea' id='block_1_3' title="bbox 372 3715 1445 3858">
    <p class='ocr_par' dir='ltr' id='par_1_6' title="bbox 372 3715 1445 3858">
     <span class='ocr_line' id='line_1_34' title="bbox 372 3715 1445 3858; baseline 0.011 -88"><span class='ocrx_word' id='word_1_269' title='bbox 372 3715 546 3858; x_wconf 58' lang='lat' dir='ltr'>57)Pliaffi1</span> <span class='ocrx_word' id='word_1_270' title='bbox 556 3734 700 3772; x_wconf 84' lang='lat' dir='ltr'>recensum</span> <span class='ocrx_word' id='word_1_271' title='bbox 715 3720 832 3791; x_wconf 78' lang='lat' dir='ltr'>praebet</span> <span class='ocrx_word' id='word_1_272' title='bbox 847 3718 997 3792; x_wconf 74' lang='lat' dir='ltr'>Schretgh</span> <span class='ocrx_word' id='word_1_273' title='bbox 1014 3718 1082 3774; x_wconf 80' lang='lat' dir='ltr'>ibid.</span> <span class='ocrx_word' id='word_1_274' title='bbox 1096 3738 1124 3792; x_wconf 92' lang='lat' dir='ltr'>p.</span> <span class='ocrx_word' id='word_1_275' title='bbox 1138 3718 1246 3776; x_wconf 82' lang='lat' dir='ltr'>xxvn.</span> <span class='ocrx_word' id='word_1_276' title='bbox 1316 3720 1363 3794; x_wconf 75' lang='grc'>58)</span> <span class='ocrx_word' id='word_1_277' title='bbox 1373 3717 1445 3782; x_wconf 76' lang='lat' dir='ltr'>lbtd.</span> 
     </span>
    </p>
   </div>
   <div class='ocr_carea' id='block_1_4' title="bbox 0 0 1543 4892">
    <p class='ocr_par' dir='ltr' id='par_1_7' title="bbox 0 0 1543 4892">
     <span class='ocr_line' id='line_1_35' title="bbox 0 0 1543 4892; baseline 0 0"><span class='ocrx_word' id='word_1_278' title='bbox 0 0 1543 4892; x_wconf 95' lang='lat' dir='ltr'> </span> 
     </span>
    </p>
   </div>
  </div>
 </body>
</html>
