3050 4892
321 212 406 303 536
590 238 758 308 nuunrcr
788 239 944 305 varrsrr
976 238 1115 307 nurse

319 400 369 463 bri
387 401 491 462 lirrora
509 398 641 481 percite,
664 396 862 457 Saturninum
901 398 1017 457 rotinus
1035 394 1211 456 &truncari
1232 394 1324 455 tussit
1342 415 1404 457 ars-

317 503 360 545 ηο
380 480 494 546 Natalis
514 480 664 541 Domintci
686 478 768 559 444,
785 479 835 539 Th
891 480 954 540 osio
983 477 1029 544 ιθ.
1059 490 1091 539 et
1108 477 1220 539 Albino
1240 476 1340 553 coss,
1366 488 1404 537 us

318 566 423 627 scribit
443 562 637 625 Marcellinus
659 563 691 622 in
714 562 877 623 Chronico.
920 561 1077 623 Cedrenns
1097 582 1189 643 supra
1207 559 1308 621 dictos
1333 560 1402 623 cte·

318 652 398 711 ricos
420 646 559 710 adulterii
579 668 629 707 sus
652 646 749 706 icione
769 655 923 705 contactos
943 644 1034 705 suisse
1056 645 1167 727 prodit.

401 732 478 813 Pag.
504 728 554 812 69
569 729 604 789 Β.
624 668 714 814 fao&
746 725 809 809 αα]
839 721 954 806 Ζήνων
973 721 1126 799 ὑπατικὰς
1146 717 1239 807 cirsip.
1267 724 1401 789 Flavius

319 814 402 875 Zeno
443 814 501 893 (sic
530 812 610 871 enim
642 822 769 871 vocatur
799 812 831 871 in
859 809 944 871 Actis
969 809 1097 870 Concilii
1125 808 1403 889 chalcedonensis)

319 895 433 959 Consul
454 896 511 957 fuit
530 914 610 955 anno
631 892 747 957 Natalis
766 893 918 953 Dominiei
930 890 1003 971 448.
1024 892 1124 953 Huius
1148 894 1208 954 viri
1232 896 1404 975 potentiana

319 980 390 1041 satis
410 999 560 1063 superque
581 976 736 1038 declarant
755 996 809 1037 ea:
843 996 921 1059 quae
941 976 1063 1036 subiicit
1083 972 1301 1059 Priscusleurn
1322 974 1403 1037 scili·

319 1074 368 1123 cet
388 1061 579 1145 Imperatoris
600 1060 748 1121 voluntati
769 1080 867 1118 unum
888 1058 1048 1134 restitisse,
1079 1080 1149 1119 cum
1167 1079 1291 1141 magnas
1315 1060 1403 1120 Isau·

319 1164 425 1206 rorum
444 1147 544 1226 copies
565 1144 644 1204 circe
663 1164 695 1203 se
726 1141 852 1203 haberet
880 1142 919 1203 ad
948 1142 1033 1203 urbis
1060 1142 1122 1239 CP.
1151 1141 1340 1202 custodiam:
1369 1152 1403 1203 et

318 1226 1135 1390 titt.t.tt..is.lttf⁰t.t⁰.fft‘tttts.3⁰tlt
1157 1224 1401 1388 liffeim

318 1392 430 1469 fuisse,
471 1412 510 1452 ne
541 1391 616 1453 forte
647 1392 729 1451 Zeno
759 1390 952 1473 tyrannidem
981 1390 1146 1451 invaderet.
1199 1390 1260 1451 Hie
1295 1402 1398 1472 penca

317 1476 464 1535 Marciani
474 1474 601 1555 Augusti
614 1473 801 1557 temporibus
816 1475 929 1534 interiit
942 1484 1095 1556 suspectus
1114 1492 1218 1535 return
1237 1494 1398 1535 novarum.

316 1556 367 1617 Sic
389 1558 468 1618 enim
492 1556 634 1618 iordanes
656 1558 694 1617 de
715 1559 899 1618 successione
919 1576 1081 1638 regnorum
1101 1557 1205 1617 scribit
1229 1556 1271 1619 de
1288 1558 1401 1617 Mard-

317 1658 397 1701 ano:
443 1640 617 1725 Obr'twnque
639 1640 768 1715 Attilae,
803 1653 833 1699 et
851 1639 981 1701 Zenonis
1001 1638 1104 1699 Isauri
1124 1642 1292 1715 neutros,
1317 1652 1401 1701 ant&
1492 1681 1493 1702 i

316 1744 407 1806 priam
433 1736 615 1799 nroreretur,
631 1724 721 1805 filice
750 1724 901 1805 comperit.
953 1724 1130 1782 Damascins
1152 1724 1183 1784 in
1205 1722 1317 1782 isidori
1336 1724 1400 1783 vite
1493 1771 1494 1774 ¹

317 1805 434 1883 scribit,
455 1804 536 1875 hune
555 1807 708 1867 Zenonem
730 1804 881 1866 idolorum
900 1803 1016 1867 cultum
1036 1807 1204 1885 restituere,
1219 1816 1250 1867 et
1271 1804 1400 1875 Christi·

317 1907 445 1949 anorum
465 1888 640 1971 religionem
661 1886 783 1949 abolere
801 1884 944 1962 voluisse,
967 1887 1020 1949 sed
1040 1885 1173 1951 violenta
1192 1899 1290 1949 morte
1311 1888 1399 1949 inisse

316 1970 537 2055 praepeditum.
559 1971 638 2033 Num
658 1993 693 2035 ex
714 1992 792 2053 equo
813 1968 927 2053 lapsus,
948 1992 1037 2032 crure
1056 1970 1222 2049 confracto,
1244 1992 1307 2031 non
1326 1972 1401 2032 mni·

316 2062 349 2114 to
369 2066 437 2137 post
457 2056 627 2137 exspiravit.
671 2055 712 2115 Et
731 2055 911 2115 Damaseius
933 2054 1056 2137 quidem
1080 2075 1150 2115 eum
1173 2054 1400 2137 magnanri-

219 2137 247 2191 Ρ.
264 2136 430 2200 notentnlis
449 2137 574 2198 militiae
593 2139 772 2221 Magistrum
793 2135 940 2221 appellat,
964 2133 981 2196 ὅ
1006 2138 1104 2217 μέγας
1126 2138 1181 2216 τῆς
1199 2135 1244 2198 ἕω
1265 2158 1400 2217 στρατη-

315 2212 421 2300 λάτης.
463 2220 541 2280 Sunt
561 2220 600 2281 ad
630 2220 711 2282 hunc
732 2222 887 2281 Zenonem
907 2221 1086 2303 Magistrum
1114 2220 1245 2281 militnm
1265 2231 1296 2281 et
1317 2218 1399 2279 Con-

315 2300 410 2363 sulem
433 2301 513 2363 duae
532 2302 717 2366 Theodoreti
738 2303 898 2385 epistolae,
920 2304 1031 2387 quibus
1050 2302 1137 2364 illum
1157 2302 1293 2363 nondum
1313 2323 1400 2365 sacro

315 2380 494 2463 baptismate
513 2384 664 2445 initiatum
685 2386 775 2446 suisse
795 2396 934 2447 testatur.
977 2387 1118 2448 Ceterum
1146 2407 1183 2448 ex
1211 2385 1270 2446 boe
1301 2384 1399 2447 Prisci

315 2462 382 2523 loeo
403 2465 560 2526 manifeste
578 2470 724 2549 sequitur,
744 2466 823 2528 hanc
834 2472 992 2531 Maximini
1011 2469 1049 2530 nd
1059 2467 1187 2530 Attilam
1205 2468 1396 2551 legationen,

315 2566 393 2626 quae
413 2546 464 2606 hie
483 2546 634 2609 luculente
658 2549 860 2626 describitur,
897 2554 1056 2636 contigisse
1070 2552 1192 2613 Zenone
1218 2563 1248 2611 et
1265 2550 1399 2612 Posthn-

314 2628 526 2708 mieuoCoss,
548 2630 605 2691 sub
626 2634 738 2691 exitum
759 2636 843 2706 anni,
865 2635 948 2717 quod
969 2636 1145 2696 confirmare
1166 2636 1258 2695 etiam
1277 2635 1399 2695 videtur

315 2710 508 2801 Mercellinus
530 2715 562 2773 in
589 2714 749 2775 Chronico.
797 2718 886 2778 Certe
906 2719 1028 2779 Priscus
1047 2739 1080 2800 p.
1105 2740 1157 2802 7⁰·
1181 2717 1219 2778 C.
1240 2718 1279 2778 de
1298 2718 1397 2779 Areo-

313 2792 407 2854 bindo
427 2804 571 2879 tunquam
592 2798 690 2859 adhuc
710 2801 834 2861 vivente
854 2800 1012 2883 loquitur,
1040 2802 1095 2884 qui
1121 2804 1257 2884 sequenti
1278 2800 1396 2862 Consu·

209 2934 213 2945 ,
314 2874 376 2937 latu
399 2878 494 2952 obiit,
517 2890 592 2940 teste
613 2881 719 2943 codem
744 2882 931 2945 Marcellino.

396 2960 471 3044 Pag.
497 2984 548 3045 7¹·
563 2965 600 3023 G.
627 2964 723 3047 [am
749 2966 814 3050 ao]
836 2968 911 3027 Post
930 2965 1005 3027 haee
1025 2966 1144 3047 verba,
1168 2963 1201 3039 ἐς
1219 2962 1276 3047 τὴν
1302 2968 1397 3029 lrsr-

313 3040 493 3118 σταιτίνου,
517 3045 657 3107 collocari
677 3047 788 3110 debent
811 3071 860 3128 ea,
891 3071 969 3131 quae
987 3049 1080 3112 habes
1099 3072 1171 3134 pag.
1194 3048 1244 3135 59.
1258 3050 1321 3112 A.:
1343 3042 1396 3111 irs

315 3126 525 3207 φωραθέπα,
548 3140 583 3189 ut
603 3132 674 3191 satis
694 3134 886 3193 manifestum
906 3143 961 3194 est.

396 3208 509 3290 Leges:
546 3209 667 3293 ἐδήχθη
692 3234 725 3274 τε
758 3212 777 3274 o‘
801 3212 967 3297 Θεόδωρος
992 3208 1047 3275 τὸν
1068 3210 1197 3293 θυμὸν,
1232 3215 1342 3277 3.(1.
1360 3226 1396 3277 et

312 3287 472 3369 posthaec
493 3295 575 3376 sequi
597 3294 729 3375 debent,
767 3288 816 3359 iri
841 3294 896 3357 ὑπ’
919 3290 1132 3381 ἀμφοτέρων,
1153 3319 1232 3381 quac
1251 3236 1397 3383 leguntur

313 3372 425 3454 71.C.,
449 3386 483 3434 ut
502 3376 570 3437 luce
591 3379 654 3459 ipsa
675 3378 786 3441 clarius
807 3391 862 3443 est.

237 3538 239 3543 ,
394 3457 470 3553 Pag.
480 3459 572 3541 7r.C.
582 3461 668 3539 [215,
681 3461 728 3546 m]
750 3456 926 3525 Ἀνατόλιον
942 3461 1007 3544 cciv
1023 3458 1113 3545 α’μφί
1131 3463 1264 3541 βασιλέα
1277 3452 1396 3544 ἄρχον-

311 3556 359 3596 τα
371 3540 477 3600 scitor.
519 3541 600 3603 Male
620 3542 817 3607 Cantoclarus
837 3547 939 3623 vertit,
953 3548 1101 3627 regionem
1118 3547 1289 3607 trihrrtomr
1306 3568 1395 3631 pmc-

297 3620 427 3699 sertum.
480 3624 546 3706 Ego
568 3626 746 3707 Magistrum
783 3629 908 3690 culmen
941 3630 1158 3712 praesentalem
1197 3630 1392 3712 interpretor.

311 3701 425 3762 Fuerat
457 3704 506 3766 hic
540 3708 700 3771 Anatolius
731 3723 821 3773 antea
849 3712 995 3793 Magister
1024 3712 1155 3772 militum
1174 3712 1330 3789 Orientis,
1356 3724 1395 3774 nt

303 3794 437 3863 ‚testatur
453 3789 661 3852 Theodoretus
682 3797 713 3854 in
738 3797 826 3877 epist.
847 3792 901 3873 45.
924 3804 954 3853 et
970 3794 1164 3855 Marcellinus
1187 3795 1218 3854 in
1229 3796 1394 3857 Chronico.

311 3867 382 3944 Quo
400 3884 538 3934 revocato
554 3886 589 3933 ut
608 3878 793 3957 praesentale
813 3877 1018 3959 Megisterium
1039 3880 1185 3957 acciperet
1202 3880 1305 3953 ,Zeno
1313 3878 1392 3940 lsau-

310 3970 363 4010 rus
383 3953 415 4011 in
437 3954 500 4015 cius
520 3955 618 4017 locum
639 3960 730 4026 subro
767 3974 816 4023 tus
836 3973 894 4034 est,
915 3970 951 4019 ut
969 3962 1080 4021 indicat
1100 3960 1224 4022 Priscus
1237 3984 1270 4044 p.
1287 3961 1329 4039 69
1351 3962 1388 4022 B.

392 4033 467 4117 Pag.
483 4058 534 4120 71.
545 4040 582 4099 D.
594 4040 628 4123 [a
636 4062 645 4102 1
653 4045 683 4120 3,
697 4043 729 4105 6.
763 4038 793 4104 oi
803 4038 842 4123 δὴ
854 4040 912 4116 ταὶς
931 4036 1036 4125 ἀρχὰς
1048 4040 1263 4122 ἀναβεβήκασι
1276 4029 1393 4116 nicae.

309 4114 392 4180 llaec
423 4118 515 4182 verba
548 4144 703 4205 perperam
731 4131 821 4191 vertit
841 4127 1011 4211 interpres,
1044 4128 1100 4210 qni
1125 4128 1280 4192 notionem
1305 4126 1391 4193 verbi
