3050 4892
599 235 835 304 PRAEFATIO.
1208 243 1278 306 1111

197 391 262 445 loca
278 385 568 458 etiaminbiseeiogis,
588 389 900 458 qaaeeditoraiioentia
913 390 1036 446 mutandi
1049 391 1155 444 adesus
1173 398 1277 445 utaunt

200 493 332 547 mendosa
359 493 516 563 relinquere
540 492 662 562 cogitur:
688 493 759 546 iilud
785 501 876 547 tamen
899 509 961 546 vere
985 494 1142 565 praedicare
1164 511 1275 563 possum

201 599 256 651 hac
274 596 394 651 editione
406 597 556 666 perfeetum
577 605 679 650 esseut
696 597 868 661 utilissimae,
884 615 1035 669 magnaque
1054 616 1087 652 ex
1103 606 1181 668 parte
1199 614 1275 668 egre·

203 702 310 770 giorum
327 699 488 769 scriptorum
505 697 662 770 reliquiae,
679 714 750 771 quae
767 700 883 752 antehae
899 701 930 752 in
948 702 1060 769 singulis
1070 704 1176 772 paginis
1192 703 1276 754 iunu-

204 820 278 857 mera
294 803 423 855 vitiorum
440 799 619 855 multitudine
637 801 757 882 degentes
773 801 972 872 impediebant,
990 805 1045 856 iam
1060 806 1139 875 longe
1158 805 1275 858 maxima

204 925 239 962 cx
263 915 340 976 parte
365 903 460 958 faciles
486 905 621 958 eraserint
644 913 726 976 atque
748 911 857 974 apertae
875 904 911 956 ad
932 905 1150 976 intelligendam.
1183 904 1276 974 Quum
1305 936 1309 940 -

203 1009 304 1080 igitur,
327 1023 397 1080 quae
417 1007 552 1060 hactenus
568 1006 690 1077 neglecta
714 1005 859 1071 iacebant,
883 1008 942 1060 sine
968 1005 1056 1060 dubio
1081 1007 1168 1062 multo
1184 1008 1276 1078 pluri-

202 1113 256 1166 bus
276 1128 357 1182 quam
375 1116 455 1164 antea
478 1110 665 1172 innotescent,
683 1108 777 1163 oblata
795 1117 837 1162 est
854 1112 976 1175 occasio,
995 1111 1141 1181 praeclaris
1159 1111 1276 1181 ingeniis

204 1213 280 1267 haud
296 1211 424 1284 indigua,
443 1211 492 1264 ubi
510 1213 551 1264 via
576 1211 716 1265 divinamti
734 1229 763 1266 se
780 1221 905 1269 ueneat
920 1220 949 1267 et
963 1212 1035 1266 bene
1054 1220 1150 1284 coepta
1168 1214 1275 1282 longius

206 1317 346 1389 producat
388 1315 428 1369 Et
459 1295 791 1388 emendationibuaquas
817 1315 982 1384 recepimus,
1011 1316 1113 1368 multae
1138 1315 1276 1368 Horacbe·

205 1419 275 1472 lium
292 1416 394 1471 habent
413 1423 565 1481 auctorem,
582 1417 612 1468 in
631 1417 752 1486 margine
772 1417 902 1471 editionis
920 1419 977 1472 eius
994 1421 1162 1489 propositae:
1192 1436 1276 1491 qaas,

207 1525 266 1576 sive
285 1521 363 1574 nobis
381 1520 562 1590 probarentur
592 1521 649 1577 sive
666 1522 771 1586 minua,
796 1519 935 1593 designari
958 1524 1026 1592 rigia
1038 1525 1074 1577 ii.
1111 1523 1187 1576 idem
1202 1523 1276 1576 Hoe-

207 1625 326 1682 acbelius
345 1625 393 1678 ubi
410 1625 548 1696 geminum
564 1624 685 1678 codicem
702 1623 872 1691 adhibebat,
888 1633 917 1680 et
933 1625 1038 1678 Sohotti
1056 1633 1085 1678 et
1100 1625 1275 1690 Basaricum,

208 1731 319 1802 quoties
335 1729 365 1780 hi
380 1731 453 1782 inter
469 1743 498 1781 se
515 1728 664 1790 variarent,
685 1726 868 1782 diversitatem
891 1728 988 1782 itidem
1013 1727 1044 1778 in
1062 1728 1183 1798 margine
1201 1725 1276 1778 iudi-

207 1833 299 1895 eavit,
326 1821 441 1902 piaefixa
463 1829 533 1899 sigla
550 1830 596 1883 al:
623 1829 678 1882 uas
695 1833 840 1883 varietates
857 1850 909 1902 mg.
930 1835 964 1886 H.
983 1830 1136 1901 designavi:
1153 1843 1276 1899 proquo

206 1951 272 1986 vor.
288 1934 320 1986 Η.
341 1933 458 1987 seribere
475 1939 549 1988 certe
563 1932 758 2002 praestitisses,
775 1948 869 1983 verum
888 1933 920 1984 iu
934 1948 964 1984 re
980 1940 1036 1984 tam
1052 1933 1107 1984 tevi
1132 1931 1278 1999 reprehen-

209 2038 315 2089 sionem
333 2038 378 2088 rix
394 2042 495 2088 metuo.
531 2034 645 2090 Gravius
662 2041 704 2087 est
726 2032 802 2105 quod
818 2033 965 2105 aliquando
983 2031 1032 2085 ubi
1048 2033 1171 2103 plagatus
1191 2031 1279 2100 inspi-

210 2154 270 2190 cere
285 2138 444 2193 domeaticis
461 2138 530 2190 ouria
547 2135 693 2206 impeditus
710 2137 815 2190 ineram
832 2154 883 2210 mg.
895 2137 932 2194 Η.
948 2135 1078 2205 ponitur,
1094 2151 1179 2208 quum
1189 2132 1280 2188 tehen

198 2242 362 2296 coriscaura
382 2239 546 2311 designanda
564 2247 648 2292 esset:
667 2239 763 2294 hocin
775 2239 908 2292 addendis
927 2239 1039 2293 correxi.

276 2343 362 2400 Scrib
384 2347 492 2412 bonnae
508 2351 590 2418 posti.
608 2341 678 2398 Non.
696 2344 756 2400 Oet„
773 2343 986 2399 nacconis.
