3050 4892
349 341 432 445 alia
779 360 988 428 EXCERPTl

209 522 462 601 mtyauudsac
497 523 531 600 ές
555 520 611 588 τόν
636 518 772 624 πόλεμον
799 510 912 602 ιόρμα,
949 515 1005 580 κατ’
1028 513 1200 634 παρεκιήλει
1226 517 1365 632 Ἀθαρσεῗν
1392 509 1435 591 τός

225 601 316 725 23¹0ss
324 620 449 724 ’θαάτός
470 618 705 705 ἒκστρατεόσων
725 617 887 705 καὶκοινῇ
908 615 968 681 σύν
986 616 1116 690 ἐκείνοις
1137 637 1199 695 ο,τι
1219 637 1260 677 αν
1279 614 1352 677 δέοι·
1366 637 1435 676 πει-

317 708 324 722 .
349 719 491 805 σόμενος.
532 719 563 784 oi
589 721 626 783 δὲ
654 719 698 796 uie
726 719 915 802 ἐπήκουσαν,
937 709 986 779 ότι
1015 711 1109 788 αάτός
1141 709 1293 792 βασιλεύς
1314 708 1434 796 ἐξάγειν

271 827 338 897 Ρ·97
350 823 473 905 έθέλοι,
504 816 602 896 οότως
622 823 751 892 ἕκαστος
772 818 880 881 αύτιόν
895 817 1037 900 ἠπείγετο
1057 807 1174 877 ἑαυτόν
1195 813 1353 888 ἐπιδεῖξαι
1375 817 1435 892 βα-

346 929 432 988 σιλεῖ
445 921 562 986 πολλοό
581 913 668 997 ἀξιον
688 909 784 996 ὄντα,
799 911 880 980 οῗστε
900 914 955 979 κατ’
974 911 1005 976 οἱ
1025 908 1177 999 πρότερον
1197 919 1264 986 τοῖς
1283 905 1452 994 ήχεμόσιιὸ

347 1015 470 1101 αὐτῶν,
492 1022 544 1105 ἐφ’
565 1008 592 1108 ᾦ
610 1014 655 1099 μή
678 1011 918 1100 στρατεύοιντο,
939 1009 1092 1097 ἀργύριον
1113 1011 1253 1084 διδόντες
1272 1005 1368 1073 πόλιν
1388 1011 1435 1083 εἰς

343 1117 381 1186 τό
402 1117 547 1202 μετέχειν
567 1118 625 1199 τής
645 1112 757 1194 ἐξόδου
778 1120 940 1198 παρεῖχον.
962 1115 1018 1177 καί
1037 1106 1152 1184 πάντες
1166 1107 1361 1193 ἀνθήπτοντο
1375 1110 1437 1172 τοῦ
1502 1183 1503 1186 η

345 1222 485 1299 πολέμου
507 1216 681 1301 όρχοόντες·
697 1214 753 1277 καί
772 1211 846 1287 τούς
865 1235 900 1276 τε
921 1209 1138 1284 κατασκόπους
1157 1205 1232 1282 τούς
1250 1205 1434 1292 παράΘευ-
1502 1273 1503 1280 ,

347 1317 476 1401 δεράχου
507 1317 710 1401 πεμφθέντας
740 1312 947 1398 ἐζώγρησαν,
980 1309 1037 1374 καὶ
1063 1312 1119 1394 τῆς
1147 1309 1204 1373 τού
1234 1303 1433 1392 Βαλαμήρου
1502 1397 1503 1400 ¹

346 1417 491 1502 φυλακῆς
510 1421 628 1500 μοῖραν
655 1413 815 1476 ἐλθοῦσαν
843 1413 897 1475 ἐπὶ
913 1409 948 1474 τό
969 1407 1094 1494 μακρόν
1113 1417 1215 1490 τεῖχος
1237 1405 1268 1470 oi
1287 1410 1354 1472 ἐκεῖ
1368 1428 1467 1492 φυ-ιο

346 1515 512 1590 λα’ττοντες
535 1514 715 1596 διαπρεπῶς
735 1506 982 1593 ἀπεκρούσαντο.
1024 1510 1095 1574 ἐπεὶ
1123 1509 1158 1572 δὲ
1191 1507 1236 1582 εἰς
1256 1502 1313 1590 τήν
1335 1501 1432 1568 uisuri
1502 1587 1503 1594 ρ

347 1609 520 1701 φερόμενος
540 1610 557 1674 ό
580 1609 691 1696 Ζήνων
714 1605 897 1694 ἀνεχώρησε
919 1603 1037 1694 φύσιν,
1065 1609 1121 1670 καί
1139 1603 1201 1668 sind
1224 1606 1278 1690 τῆς
1304 1605 1437 1690 συμφύ-

340 1736 398 1776 του
429 1712 612 1795 ἀπεσβέσθη
645 1711 763 1784 δειλίας
775 1759 785 1790 ,
818 1711 959 1772 ἐνταῦθα
993 1705 1171 1792 όρχίζονται
1203 1706 1260 1768 καί
1285 1705 1436 1787 χαλεπῶς

281 1825 286 1832 ’
316 1807 478 1896 Βέφερον,
506 1807 587 1874 κατὰ
618 1809 786 1883 συστάσεις
817 1831 850 1872 τε
878 1805 1038 1892 γινόμενοι
1066 1809 1244 1892 ἐμέμφοντο
1276 1799 1436 1886 ἀλλήλους

344 1914 401 1993 τῆς
430 1905 503 1994 ὅλης
533 1909 704 1991 ἀτολμίας,
734 1911 764 1972 εἶ
793 1903 904 1992 χεῖράς
930 1931 965 1970 τε
994 1899 1119 1988 ἔχοντες
1147 1905 1203 1968 καί
1221 1899 1468 1987 βαστάζοντεςιὸ

346 2005 428 2074 όπλα
455 2013 612 2091 μαλακίας
639 2010 789 2092 τοιαύτης
817 2005 942 2072 ἀκούειν
972 2008 1157 2104 ἀνέχονται,
1198 2005 1240 2068 δι’
1265 1995 1302 2088 ἧς
1328 2002 1437 2082 πόλεις
1502 1991 1503 2000 ¹

342 2106 466 2175 ἀπασαι
488 2108 582 2191 καόή
606 2111 693 2172 πᾶσα
710 2109 878 2188 Ῥωμαιόον
900 2104 993 2188 ἰσχύς
1014 2103 1209 2186 ἐξαπόλωλε,
1234 2099 1364 2169 πόντων
1385 2105 1436 2168 ἐπ’

343 2212 489 2287 ἔξουσίας
515 2203 770 2292 περικοπτόντων,
800 2203 824 2270 οἳ
852 2205 1025 2288 βούλοιντο.
1066 2201 1212 2268 τούτουὸ
1241 2199 1437 2286 Μαρτιανός
1502 2277 1503 2302 ,

342 2301 547 2386 ουνελόμενος
575 2302 630 2369 τόν
656 2306 774 2390 θροῦν,
804 2307 921 2384 πέμπει
942 2306 1066 2389 Ζήνωνι
1095 2305 1203 2385 λέγων,
1232 2295 1280 2366 ότι
1309 2303 1363 2365 δεῖ·
1396 2299 1434 2366 τό
1502 2317 1503 2394 η

342 2399 556 2490 στρατόπεδον
577 2403 620 2478 uic
640 2401 778 2486 τόχιοτα
801 2404 952 2484 διαλύειν,
976 2406 1022 2486 μή
1044 2427 1075 2468 τι
1095 2404 1150 2466 καί
1169 2399 1319 2487 νεοότερον
1339 2419 1467 2467 ovas-ao

412 2582 440 2637 6.
462 2577 605 2652 ἀργύριον
621 2581 666 2640 n,
679 2577 824 2651 ἀργυρίου
841 2581 913 2649 vulg.
984 2597 1008 2651 η.
1026 2581 1077 2634 τοῦ
1096 2579 1131 2639 N.
1137 2615 1147 2644 ,
1164 2580 1250 2632 τοῦτο
1276 2577 1360 2648 vulg,
1378 2578 1433 2632 rori
1502 2541 1503 2586 l

412 2665 444 2701 τε
461 2651 494 2701 Η.
552 2653 590 2704 ι5.
609 2653 636 2702 εἰ
647 2650 696 2716 Ν.,
716 2653 757 2709 εἰς
769 2651 840 2722 vulg.
1502 2677 1503 2682 ¹

339 2791 436 2848 foedus
455 2809 516 2845 eum
533 2791 727 2845 Theuderiebo
746 2793 873 2854 solveret.
910 2791 979 2848 Cum
998 2793 1072 2846 nihil
1089 2809 1151 2846 eum
1169 2801 1306 2858 moveret,
1333 2809 1432 2849 evoca-
1502 2781 1503 2846 i

338 2866 375 2916 tis
393 2863 529 2916 militibus
558 2866 662 2916 beilum
688 2866 823 2935 suscepit,
851 2881 919 2938 quos
944 2863 1068 2916 hortatus
1095 2872 1152 2927 est,
1180 2873 1211 2916 ut
1235 2865 1311 2917 bono
1336 2865 1428 2916 animo
1502 2855 1503 2926 i

338 2945 437 2988 essent
475 2937 509 2987 Se
528 2936 601 2986 enim
620 2938 801 2989 communiter
818 2951 880 2988 eum
897 2935 954 2988 illis
980 2935 1049 2986 belli
1068 2935 1200 3004 pericula,
1217 2935 1267 2986 ubi
1283 2951 1353 3004 opus
1369 2935 1430 2986 [αε-
1502 2929 1503 2988 i

337 3007 391 3067 rit,
410 3004 558 3057 aditurum.
595 3005 668 3057 Haec
687 3023 748 3058 eum
767 3007 869 3059 milites
884 3005 1045 3070 audiissent,
1063 3007 1258 3074 imperatorem
1273 3003 1340 3057 huic
1353 3005 1429 3057 bello
1502 3037 1503 3042 =

338 3075 470 3128 interesse
488 3075 634 3140 statuisse,
654 3077 692 3126 ita
713 3095 741 3129 se
760 3077 795 3129 sd
811 3075 863 3129 hoe
881 3085 1088 3147 compararunt,
1112 3087 1144 3129 ut
1174 3077 1259 3128 talem
1283 3091 1313 3126 se
1340 3093 1429 3127 unus·
1502 3045 1503 3132 i

336 3147 457 3218 quisque
476 3147 619 3202 ostendere
638 3149 775 3210 studeret,
801 3165 883 3218 quem
901 3149 1050 3218 Imperator
1069 3150 1168 3199 merito
1185 3163 1236 3202 suo
1254 3147 1369 3216 plurimi
1387 3147 1427 3196 sa·
1502 3139 1503 3184 i

337 3227 420 3276 eeret.
455 3220 490 3270 Et
515 3226 571 3267 tarn
595 3218 755 3270 sitientibus
780 3219 879 3269 animis
898 3217 932 3270 ad
956 3218 1132 3288 pugnandum
1156 3217 1273 3287 profecti
1290 3224 1370 3278 sunt,
1396 3221 1429 3265 ut
1502 3223 1503 3250 1

337 3290 385 3358 qui
404 3296 484 3340 antea
508 3289 625 3339 militiae
646 3289 815 3340 vacationem
835 3306 850 3338 a
869 3289 984 3340 ducibus
1010 3291 1127 3358 pecunia
1144 3288 1326 3348 redemerant,
1344 3302 1429 3355 pseu·
1502 3337 1503 3350 ¹

336 3358 413 3422 nias,
440 3367 472 3410 ut
492 3358 547 3410 sibi
570 3361 600 3410 in
624 3356 716 3409 hoster
741 3359 860 3412 exeundi
886 3367 1052 3429 potestatem
1076 3360 1212 3421 facerent,
1240 3363 1424 3410 numerarent.
1502 3383 1503 3420 ι

336 3429 434 3500 ltaque
454 3438 482 3482 et
499 3431 702 3499 exploratores,
732 3447 747 3480 a
767 3427 961 3482 Theuderieho
985 3431 1162 3499 praemissos,
1185 3432 1262 3480 sivos
1280 3433 1425 3496 ceperunt,

336 3507 366 3550 et
383 3499 538 3561 cohortem,
557 3516 628 3570 quae
641 3499 773 3551 Valnmiri
791 3500 843 3552 filii
863 3501 1012 3553 custodiam
1032 3501 1138 3571 agebat,
1155 3507 1186 3550 et
1205 3515 1294 3570 usque
1312 3496 1346 3549 ad
1361 3496 1425 3546 lon·
1502 3525 1503 3546 ι

335 3585 382 3636 gos
401 3587 494 3622 muros
522 3587 662 3642 progressa
689 3581 760 3633 erat,
791 3581 945 3640 opportune
965 3573 1138 3642 depulerunt
1175 3569 1230 3625 Sed
1254 3585 1310 3690 nup
1336 3565 1423 3618 multo

334 3645 459 3707 tempore
477 3660 520 3694 res
538 3648 688 3704 steterunt,
716 3641 784 3712 quin
802 3643 872 3693 Zeno
892 3642 926 3693 ad
943 3643 1088 3713 pristinam
1112 3651 1237 3694 naturam
1261 3657 1290 3691 re
1310 3639 1373 3698 iret,
1390 3643 1423 3687 et

286 3741 289 3748 ·
334 3709 371 3760 ad
388 3712 499 3762 insitam
518 3714 652 3781 ignaviam
670 3712 852 3764 delaberetur.
888 3714 928 3765 Ex
946 3731 1001 3784 quo
1020 3705 1122 3765 milites
1136 3713 1284 3782 indignati,
1302 3727 1348 3779 per
1361 3717 1422 3758 tur·

334 3779 383 3831 bas
402 3792 546 3846 coeuntes,
564 3800 623 3836 sese
641 3783 757 3836 invicem
776 3783 899 3852 ignaviae
912 3783 1091 3848 accusabant,
1110 3781 1184 3856 quod
1203 3799 1300 3834 manus
1317 3777 1422 3831 baben·

334 3857 376 3902 tes
408 3860 437 3906 et
460 3870 532 3904 arma
564 3862 697 3922 gestantes
725 3863 819 3906 tantae
845 3855 993 3918 mollitiei,
1022 3870 1092 3926 quae
1119 3870 1214 3906 omues
1241 3853 1359 3904 civitates
1387 3853 1422 3898 et
1502 3905 1503 3924 ,

335 3937 430 3973 omnes
448 3923 629 3975 Romanorum
656 3925 726 3975 vires
753 3923 958 3993 pessumdaret,
989 3925 1106 3997 obsequi
1125 3925 1308 3986 sustinerent,
1328 3933 1418 3986 nsque
1502 3935 1503 3950 ³

334 3991 481 4075 quisquam
499 3997 586 4048 omnis
607 3996 713 4063 generis
731 3995 906 4047 contumeliis
933 3996 1076 4047 abstinuit
1114 3995 1193 4046 Hune
1219 4003 1323 4046 motum
1354 4003 1418 4038 tm
1502 4025 1503 4028 =

333 4059 486 4116 Martianus
505 4065 702 4127 intellexisset,
721 4064 755 4118 ad
765 4067 899 4118 Zenonem
917 4065 1005 4119 mittit
1022 4064 1149 4128 suadens,
1168 4073 1200 4116 ut
1238 4081 1299 4116 uam
1316 4059 1416 4114 titissi·
1502 4049 1503 4130 J

333 4147 377 4183 me
395 4134 454 4185 fieri
471 4144 579 4204 posset,
599 4135 764 4197 exercitum,
782 4151 817 4187 ne
838 4137 906 4206 quid
924 4151 1056 4188 novarum
1075 4153 1164 4189 rerum
1184 4083 1340 4192 ndreae,
1355 4129 1416 4179 dis-
1502 4139 1503 4142 ’

333 4201 457 4259 solveret
492 4205 535 4258 Ad
553 4221 635 4277 quem
643 4208 713 4260 Zeno
732 4205 852 4272 remisit,
872 4216 900 4262 et
915 4207 1010 4272 iussit,
1030 4215 1062 4259 ut
1079 4207 1272 4278 unusquisque
1288 4201 1412 4258 militum.
1502 4257 1503 4268 ,
