3050 4892
458 257 484 319 a
514 254 725 321 unuiunm
754 256 961 322 nrsrourr.
1158 231 1244 346 359

154 408 235 471 ’καθ’
247 403 332 489 ήμᾶς
343 405 579 491 ἐφιλοφρονεῖτο
600 411 762 495 δεσπότης.
782 412 948 494 τοιγαροῦν
966 412 1127 478 ἐστέλλετο
1138 416 1178 497 τῆ
1189 425 1380 479 rar-ictor

161 506 278 587 χυτήτι
292 507 355 569 τεόν
372 506 530 589 δημοσίων
551 509 655 573 ἵππιον
674 502 843 591 ὀχούμενος
863 507 943 594 οἷνήρ
964 479 1189 597 ἀγγελιαφόρος
1205 496 1391 621 sirmis&

152 600 219 667 ,τόν
235 601 435 687 Σαρακηνόν,
466 604 730 690 ἀποκαταστήσων
754 605 783 670 οἱ
807 604 842 670 τό
864 601 941 694 ὅπερ
963 606 1133 691 έτόγχανεν
1157 610 1273 699 αότρῖρΙ
1288 638 1335 706 ¹40

161 705 310 787 πεμφθὲν
321 700 399 787 πρός
424 706 482 766 τοῦ
498 703 663 783 Ῥωμαίου
689 704 856 786 βασιλέως.
884 700 966 770 οὕτω
991 730 1029 778 τε
1047 709 1082 782 ές
1099 699 1243 789 τοόμπα-

141 806 213 873 5λιν
240 802 276 865 έκ
303 805 360 865 τοῦ
385 804 571 886 Συρακηνοῦ
600 800 642 877 σός
661 807 797 884 βασιλέα
819 801 873 869 τόν
890 801 1055 889 ήμεδαπόν
1087 805 1243 886 έπέμπετο
1282 802 1293 815 ’

162 900 364 983 δωροφορῶν.
376 898 581 985 πρεσβευτής.
614 895 682 965 εἶτα
704 899 864 991 α’ντιδάρηι
884 897 983 979 adise
1001 906 1243 990 ἐφιλοφρονεῖτο

162 993 214 1061 τόν
234 996 418 1083 Σαρακηνόν
449 996 559 1063 dauri*
592 1000 674 1085 ήμάς
705 998 923 1086 αὐτοκράτωρ.
963 1005 995 1067 εί
1017 1001 1166 1084 βούλεται
1187 993 1246 1065 σόν

139 1094 217 1183 psus*
229 1088 383 1182 ’Ἀμβρος
402 1098 482 1163 κατά
507 1100 606 1161 cadro
627 1109 746 1180 ποιεῖν,
771 1100 803 1163 εἰ
821 1102 911 1165 δοκεῖ
924 1098 981 1164 καί
998 1103 1042 1187 τῷ
1061 1103 1136 1163 καθ’
1156 1098 1242 1185 ήμιῖς

159 1198 302 1275 βασιλεῖ·
345 1196 376 1260 εἰ
395 1198 430 1260 δέ
448 1218 483 1279 γε
504 1198 545 1261 od
562 1194 722 1279 βοόλεται,
744 1207 827 1263 κινεῖ
840 1198 1012 1282 τηνάλλιος,
1033 1195 1113 1284 πρός
1131 1222 1167 1282 γε
1187 1201 1245 1263 κατ’

113 1289 352 1375 ,ιαήλιθιάτατα
374 1302 493 1379 φρονεῖ.
535 1295 701 1365 ἀποίσεται
720 1294 781 1381 γάρ
814 1296 906 1362 οὐδὲν
926 1296 1064 1361 ότιοῦν.”
1122 1295 1241 1363 τοότιον

159 1392 494 1477 διαμφισβητηθένταν
513 1396 569 1459 καί
579 1391 706 1477 ἑτέρων,
726 1391 909 1481 ἐγράφησαν
928 1394 963 1460 ui
982 1394 1262 1479 πεντηκοντοότι·Β

158 1492 211 1564 δες
230 1488 366 1555 σπονδαί
386 1493 543 1575 Περσιστί
564 1491 621 1557 καί.
632 1492 815 1578 Ἑλληνιστί,
835 1488 1016 1579 μετεβλήθη
1035 1518 1072 1559 τε
1089 1492 1241 1579 τόἝλλη-

157 1586 245 1655 υικόν
265 1592 311 1665 εἰς
331 1588 481 1675 Περσίδα
502 1590 612 1677 φωνήν
634 1594 689 1656 κατ’
709 1590 743 1657 τό
761 1588 925 1678 Περσικόν
946 1596 991 1668 εἰς
1007 1589 1180 1677 Ἑλληνίδα.
1208 1589 1241 1657 οἱ

158 1688 194 1753 δέ
222 1684 280 1763 τάς
309 1684 464 1774 ξυνθήκας
495 1692 695 1772 βεβαιοῦντες
713 1689 886 1774 Ῥωμαίων
912 1693 973 1770 μέν
991 1694 1119 1776 Πέτρος
1139 1688 1156 1754 ό
1177 1692 1240 1755 τῶν

118 1785 232 1872 ι5περί
249 1788 384 1870 βασιλέα
416 1786 592 1871 καταλόγων
619 1784 747 1871 ήγεμών
781 1786 836 1851 κατ’
862 1787 1015 1870 Εόσέβιος
1041 1787 1098 1851 καί
1127 1790 1240 1872 ἕτεροι,

73 1892 81 1901 ”
157 1890 298 1971 Περσοόν
320 1887 355 1949 δὲ
376 1883 647 1973 όἸεοδεγουσνάφ
676 1888 732 1951 κατ’
752 1882 913 1971 Σουρήνας
941 1883 997 1948 καί
1028 1884 1138 1969 ἕτεροι.
1177 1888 1240 1951 τῶν

157 1977 215 2047 οὖν
235 1984 269 2057 ἐξ
288 1976 439 2069 ἑκατέροιν
459 1986 577 2067 μέρους
600 1982 772 2067 ὁμολογιῶν
797 1981 832 2050 ἒν
853 1988 1026 2065 συλλαβαῖς
1046 1984 1241 2069 οἷνοληφθει-

143 2085 241 2160 ·oaiv,
264 2077 584 2167 άντιπαρεβλήδησαν
613 2080 763 2166 α’λλήλαις
793 2082 839 2171 τῷ
858 2078 1040 2171 ι’σοδννάμφ
1058 2084 1122 2146 τῶν
1141 2085 1240 2147 bru-

154 2176 310 2264 μημάτεον
328 2203 362 2244 τε
381 2182 437 2245 κατ’
466 2176 625 2265 ῥημάτων.
667 2176 727 2247 dau
755 2184 791 2248 δέ
816 2176 953 2264 ἐσήμηνε
977 2178 1018 2245 τά
1037 2183 1094 2263 τῆς
1114 2176 1239 2266 εἰρήνης

108 2285 375 2363 αογραμματεῖα,
403 2280 567 2357 λελέξεται.
606 2278 662 2343 καί
686 2278 726 2363 δή
755 2278 858 2362 δόγμα
884 2274 1009 2365 ἐγράφη
1029 2282 1172 2362 apricos,
1192 2278 1237 2355 σός

153 2373 208 2441 διά
237 2377 293 2459 τῆς
323 2380 521 2461 στενοπορίας
547 2380 604 2463 τῆς
624 2375 748 2443 εἰσόδου
770 2381 829 2444 τοῦ
855 2380 1022 2460 λεγομένου
1050 2374 1266 2463 Χορουτζόνο

153 2474 208 2540 κατ’
227 2478 290 2540 τῶν
310 2478 468 2542 Κασπίων
487 2480 595 2541 πυλοῖν
612 2474 658 2560 μή
691 2478 818 2563 έφεῖναι
836 2480 970 2563 Πέρσας
995 2469 1024 2561 ή
1049 2470 1186 2552 Οόνυους
1212 2472 1236 2563 ἢ
1247 2467 1252 2474 ’

153 2572 303 2653 Ἀλανοός
331 2568 354 2658 ή
382 2569 508 2661 ἑτέρους
535 2572 719 2661 βαρβάρους
740 2574 878 2662 πάροδον
898 2579 1059 2640 ποιεῖσθαι
1080 2573 1159 2641 κατά
1179 2578 1236 2661 τῆς

149 2671 320 2756 Ῥωμαίων
339 2672 556 2761 ἐπικρατείας·
594 2675 674 2759 μήτε
693 2676 729 2740 δὲ
745 2673 928 2758 Ῥωμαίους
955 2674 989 2739 ἐκ
1017 2676 1103 2760 αὐτῷ
1132 2670 1235 2759 δήπου

150 2893 278 2958 nuntius,
301 2894 351 2965 qui
375 2901 468 2947 rectus
484 2894 623 2948 celeritate
641 2910 774 2967 equorum
795 2895 989 2964 publicorum,
1013 2892 1234 2961 redderet‘quod

149 2964 193 3015 iiii
215 2965 364 3033 Imperator
380 2965 511 3017 donatum
529 2964 647 3019 volebat.
692 2963 747 3017 Sed
770 2974 834 3017 aute
854 2964 1002 3019 saracenus
1023 2982 1072 3032 per
1099 2966 1235 3033 legatum,

150 3049 232 3103 quern
249 3032 393 3099 mittebat,
416 3038 608 3103 inperatorem
626 3043 749 3088 nostrum
771 3034 850 3087 donis
870 3037 924 3089 sibi
946 3035 1117 3089 conciliabat
1154 3033 1233 3083 Tunc

149 3104 251 3155 iterum
272 3107 421 3173 imperator
448 3106 567 3156 vicissim
594 3106 687 3176 aliqua
716 3105 883 3159 iiberalitate
911 3106 1075 3155 Saraceuuur
1101 3102 1156 3154 sibi
1182 3102 1233 3153 dc·

149 3175 254 3227 vincire
272 3175 408 3230 studebat
447 3176 476 3227 Si
497 3175 614 3229 Ambrus
632 3177 718 3245 igitur
739 3176 779 3228 ita
795 3176 885 3228 facere
903 3175 1073 3237 «terrereris,
1093 3180 1122 3225 et
1143 3172 1234 3239 impe·

151 3244 235 3296 satori
252 3251 344 3297 nostro
366 3244 438 3297 idern
455 3247 610 3314 placuerit,
636 3244 707 3298 benc
729 3254 790 3314 estp
810 3248 853 3297 sin
870 3248 978 3307 minus,
1000 3245 1099 3296 surstrs
1118 3250 1232 3294 conten-

152 3312 209 3375 dit,
232 3321 260 3367 et
286 3314 397 3368 demens
421 3324 483 3381 est,
509 3332 599 3387 neque
622 3316 769 3387 quicquam
793 3317 979 3385 impetrabit.”
1020 3315 1094 3365 Haec
1123 3320 1152 3364 et
1174 3311 1231 3362 siia

151 3383 238 3435 muita
255 3400 314 3437 curn
331 3386 404 3439 inter
423 3402 451 3437 sc
472 3389 635 3456 agitassent,
651 3384 793 3439 foederum
811 3388 840 3437 in
853 3385 1053 3458 quinquaginta
1065 3398 1151 3433 annus
1165 3397 1232 3432 con-

150 3451 271 3507 ditiones
296 3464 361 3507 sunt
386 3457 551 3526 perscriptae
585 3456 688 3509 Graece
719 3464 749 3512 si
775 3457 889 3509 Persice.
934 3451 1043 3507 Deinde
1075 3453 1179 3504 Graeca
1201 3451 1231 3503 in

30 3528 36 3537 '
149 3539 299 3577 sermonem
317 3526 471 3588 Persicum,
490 3534 518 3577 et
534 3526 639 3578 Persica
655 3526 684 3576 in
706 3526 839 3579 Graecum
857 3532 922 3577 aunt
940 3524 1077 3577 translata.
1122 3519 1230 3574 Foede-

147 3592 225 3647 ribus
250 3603 342 3647 autern
367 3595 519 3649 scribendis
547 3606 576 3649 et
600 3594 733 3649 faciundis
762 3600 899 3649 affuerunt
926 3612 943 3650 e
968 3595 1095 3646 Romanis
1120 3593 1229 3655 Petrus,

149 3662 205 3715 dux
222 3665 356 3729 militurn,
377 3668 425 3737 qui
444 3669 514 3719 circa
531 3668 724 3736 Imperatorem
746 3666 920 3727 militabant,
946 3663 1080 3717 Eusebius
1106 3670 1134 3714 et
1159 3662 1222 3723 aiii,

147 3752 180 3786 ex
197 3732 284 3787 Persis
302 3735 520 3807 lasdegusuapb,
543 3736 660 3789 Surenas
681 3744 710 3789 et
729 3736 786 3788 alii.
822 3734 916 3802 Quum
934 3736 1018 3805 igitur
1033 3734 1229 3785 conventiones

147 3805 181 3856 ab
198 3814 316 3875 utraque
332 3816 408 3873 parte
430 3807 529 3859 titteris
547 3808 690 3859 mandatae
724 3813 831 3867 essent,
853 3815 941 3857 utram
963 3820 997 3856 ue
1018 3803 1090 3855 inter
1106 3819 1135 3854 se
1151 3817 1228 3853 eosn-

165 3882 290 3937 ararunt,
316 3883 347 3926 ut
366 3877 448 3929 rerba
467 3886 496 3929 et
512 3878 664 3930 sententiae
682 3874 754 3928 idem
772 3874 902 3927 valerent.
943 3822 1024 3945 Quae
1041 3881 1132 3925 autem
1153 3873 1228 3943 pacis

146 3890 237 3997 iibelri
256 3948 446 4009 continerent,
465 3946 598 3999 dicentur.
635 3945 752 3998 Primum
771 3946 854 4015 igitur
872 3945 1010 3998 decretura
1028 3945 1095 3996 suit:
1120 3958 1156 3995 ne
1178 3956 1229 4023 per

148 4016 282 4083 angustias
300 4016 360 4069 eius
377 4016 515 4078 introitus,
532 4018 580 4087 qui
601 4016 756 4068 Chorutrou
774 4016 937 4085 appellatur,
959 4022 987 4069 et
1004 4024 1096 4085 portas
1114 4010 1226 4080 Caspias

147 4081 252 4152 Persis,
272 4094 322 4141 sut
336 4086 461 4153 unua,
483 4094 532 4141 aut
547 4090 657 4153 Alanis,
685 4094 734 4141 sut
750 4086 812 4141 aliis
832 4084 955 4142 barbaris
985 4088 1017 4141 ia
1043 4084 1226 4138 comarum
