3050 4892
306 214 348 277 1n
375 212 559 279 remens
588 213 758 279 munior
784 214 931 280 unum.
1079 188 1157 277 581

45 378 141 444 nest,
166 378 212 429 ut
233 365 286 429 ulii
305 368 445 451 habent,
465 369 576 432 Basilio
604 371 804 433 Consulatum
824 375 929 455 gessit,
967 374 1164 454 quemadmo-

45 450 142 509 dum
167 451 320 513 discimus
341 475 376 514 ex
388 456 489 515 Fastis
505 454 722 516 Consularibns
734 456 816 537 apud
832 456 1042 519 Cassiodormu
1056 502 1065 535 ,
1080 459 1164 519 Mar·

45 532 223 595 cellinum
244 546 276 595 et
295 535 462 597 Auctorem
483 538 627 598 Chronici
647 537 855 599 Alexandrini.

138 616 513 702 Peg.18.A.[473,ao.]
537 622 785 694 Tarasr'codiram,
802 620 1161 707 anwrrbbtdeotifilizmr.

45 698 202 759 Patrem
221 702 353 762 Zenonis
371 701 469 775 solus,
502 703 585 785 quod
605 707 718 779 sciam,
748 715 965 765 commemorat
985 706 1161 768 Candiduss

47 781 99 841 de
123 784 237 863 patria
258 806 348 845 nemo
378 785 515 867 ambigit.
559 786 778 868 Primigenium
798 798 899 848 autem
923 786 1003 848 illius
1031 808 1065 848 ac
1092 788 1164 849 bar-

48 864 186 925 barum
216 887 329 927 nornen
358 870 443 929 varie
474 890 492 928 a
523 871 615 930 variis
641 872 831 951 coneipitur,
861 882 896 931 ut
929 870 994 929 fieri
1023 882 1104 931 amat
1131 873 1165 931 in

52 950 246 1031 peregrinis
267 950 405 1011 vocibus.
447 952 595 1011 Omnium
615 956 743 1014 maxime
763 954 883 1013 aberrat
904 974 921 1013 a
941 964 1023 1013 recto
1042 956 1164 1015 tramite

47 1030 228 1113 Euagrius
255 1032 310 1093 lib.
340 1054 371 1092 α.
404 1054 470 1115 cap.
500 1034 548 1096 15.
572 1058 580 1094 :
607 1036 702 1095 Λέων
723 1035 758 1095 δὲ
779 1030 923 1115 γαμβρόν
943 1032 997 1096 s'ni
1026 1032 1167 1116 θυγατρὶ

47 1108 228 1198 Ἀριάδνῃ
249 1109 525 1194 nectanebum
545 1114 687 1196 Ζήνωνα,
720 1116 910 1198 Ἀρικμῆσον
928 1116 987 1193 μὲν
1006 1116 1040 1177 ἐκ
1061 1140 1165 1200 σπαρ-

53 1192 177 1273 γάνων
209 1192 413 1273 καλούμενον.
455 1200 578 1259 Rectius
605 1199 752 1279 Agatbias
787 1200 988 1260 scholasticus
1026 1198 1105 1259 libro
1130 1200 1163 1279 4.

45 1298 143 1373 pag.
176 1281 250 1344 155.
276 1280 416 1341 editionis
437 1282 589 1342 Graecae:
623 1279 736 1359 Ζήνων
758 1277 957 1359 ὁῬωμωίων
975 1278 1164 1357 βασιλεύςὸ

60 1362 234 1440 Iunoque,
258 1355 293 1434 ὃς
314 1359 354 1442 δὴ
376 1359 485 1444 πρώην
511 1364 803 1444 Τωραοισκωδιοεος
831 1360 1068 1441 ἐπωνομάζετο,
1099 1358 1162 1423 ὑπὸ

49 1432 172 1503 Ἴλλου
197 1464 232 1504 re
254 1444 310 1505 καί
320 1444 515 1506 Bootlioxov
536 1446 592 1507 xci
604 1438 753 1518 Κόνωνος
773 1444 1030 1523 ἐπιβουλευθείς,
1052 1466 1165 1525 συνερ-

57 1522 192 1606 γούσης
213 1525 247 1600 ἐς
270 1522 309 1588 τοὶ
327 1524 470 1603 μάλιστα
490 1525 706 1608 καίΒηρίνης,
726 1528 901 1589 &uincente
921 1529 976 1608 τῆς
991 1526 1092 1608 ἀρχῆς
1103 1539 1162 1589 etc.

61 1608 231 1689 Interpres
250 1610 358 1692 dialysi
382 1612 489 1670 vitiosa
515 1632 588 1671 usus
609 1612 651 1671 sic
673 1614 764 1672 vertit
788 1633 857 1692 pag.
884 1632 950 1692 ¹27·
971 1634 979 1670 :
1004 1612 1088 1670 Zeno
1112 1613 1165 1671 ille

64 1690 202 1751 Iseum
227 1694 431 1753 Romanorum
446 1693 635 1776 Irrrperator,
669 1697 723 1778 qui
750 1708 840 1753 antea
874 1694 994 1753 Tarnsis
1026 1694 1164 1753 Codr'seus

65 1776 356 1854 cognominabatur,
401 1776 518 1835 insidiis
558 1780 590 1836 ei
617 1798 676 1861 per
703 1778 822 1837 Hillnm
869 1788 897 1834 et
924 1776 1103 1835 Basiliscum
1136 1788 1166 1836 et

67 1858 226 1917 (heronem
253 1861 381 1940 εζνωοειὶσ,
410 1859 614 1919 meante
637 1863 799 1956 praecipue
819 1860 939 1933 Berine,
957 1859 1082 1940 inperio
1106 1878 1164 1919 ex-

65 1940 149 1999 cidit
169 1951 229 2001 etc.
272 1940 392 2001 Auctor
413 1941 558 2001 Chronici
583 1941 781 2002 Alexandrini
804 1941 923 2000 errandi
952 1961 1055 1999 ansam
1085 1939 1164 2000 Vul-

67 2024 163 2082 canio
186 2023 332 2103 praebere
364 2034 504 2106 poterat,
531 2026 557 2085 si
588 2026 649 2083 iam
677 2046 695 2085 e
725 2024 858 2085 tenebris
884 2024 914 2081 in
943 2023 1039 2081 lucem
1065 2023 1164 2084 editus

66 2104 201 2166 fuisset:
224 2107 268 2167 sie
281 2108 362 2166 enim
370 2107 558 2167 dimidiatam
573 2108 720 2168 duntaxat
731 2128 837 2169 vocem
851 2116 977 2185 usurpat
991 2104 1058 2165 lnd.
1074 2105 1161 2179 Xll.,

68 2187 133 2248 sub
158 2186 327 2249 Consulatu
353 2192 464 2251 Leonis
486 2189 636 2250 lunioris:
671 2183 1022 2267 reconsecrationi
1044 2186 1164 2247 Kodro-

69 2264 152 2341 σεῦς
174 2266 190 2330 ὅ
213 2263 360 2353 Ἴσαορος
379 2266 460 2348 μετὰ
479 2272 536 2333 τοῦ
558 2270 640 2331 ι’διου
663 2268 790 2350 ἐκγόνου
808 2269 942 2340 Λέοντος
963 2264 1064 2347 ὀλίγον
1083 2267 1165 2351 χρό-

70 2370 142 2413 νον.
181 2353 381 2435 Theophanes
411 2357 444 2414 in
469 2354 622 2414 Chronico
641 2356 679 2413 ad
705 2375 819 2413 annum
840 2354 970 2413 Zenonis
991 2351 1022 2411 8.
1045 2372 1162 2413 sacram
1260 2384 1262 2391 ·

71 2434 208 2498 Verinae
224 2437 391 2518 Augustae,
411 2439 542 2498 Zenonis
560 2458 676 2514 mortis,
699 2436 803 2509 refert,
821 2439 929 2517 intqna
948 2436 1107 2517 imperium
1131 2456 1163 2497 se

72 2519 192 2581 Zenoni
208 2521 367 2581 tradidisse
386 2520 551 2602 gloriatur:
580 2516 660 2596 ἴστε,
684 2512 791 2579 ὅτιτὸ
823 2518 984 2595 βασίλειον
1013 2511 1160 2599 ἡμέτερόν
1169 2519 1197 2571 P·
1218 2518 1266 2573 ¹05

73 2598 169 2680 ἐστι,
195 2602 250 2663 καὶ
263 2594 314 2662 ὅτι
333 2599 415 2677 μετὰ
434 2599 492 2683 τήν
513 2602 688 2678 duodenum
705 2601 766 2662 τοῦ
786 2599 866 2678 ἐμοῦ
887 2594 1003 2681 ἀνδρὸς
1020 2598 1159 2671 Λέοντος

71 2682 364 2765 προιχειρισάμεθα
383 2685 516 2762 βασιλέα
541 2686 815 2765 Ταρασκολισαῖον
842 2676 896 2741 τὸν
922 2682 1160 2760 μετακληθέντο

73 2762 211 2845 Ζήνωνα
227 2779 287 2829 etc.
329 2768 467 2827 Certiora
489 2768 527 2827 de
551 2766 599 2826 bis
629 2764 781 2825 affirmare
842 2784 976 2833 ssemus,
1003 2765 1029 2822 si
1048 2765 1160 2823 iniuria

73 2860 247 2931 temporum
267 2871 329 2910 non
363 2852 499 2931 periisset
527 2846 680 2908 Eustatbii
708 2848 780 2927 Syri
815 2848 996 2920 ucubratio,
1026 2846 1059 2903 in
1077 2866 1157 2925 qua,

74 2944 154 2993 teste
168 2935 300 3015 Euagrio
319 2954 388 2993 mox
410 2934 519 3004 citato,
540 2932 618 2991 unde
638 2932 692 2991 iste
715 2931 800 2988 Zeno
823 2930 867 2987 nd
891 2940 1005 2989 mntem
1027 2927 1159 3007 dignita-

76 3029 136 3076 tem
154 3016 344 3088 ascendisset,
368 3028 399 3075 et
413 3038 503 3100 qrrcm
525 3015 564 3073 ob
592 3034 712 3073 curuum
741 3012 874 3072 omnibus
896 3032 917 3070 α
940 3011 1037 3070 Leone
1047 3012 1161 3089 fiu'sset

73 3100 241 3182 praeluces,
267 3098 571 3159 commemorabatur.

160 3183 234 3265 Peg.
256 3182 304 3242 18.
320 3183 356 3241 B.
375 3180 538 3263 [475,2a.]
558 3176 772 3239 Arriano-mn.
818 3176 908 3236 Hunc
923 3176 1068 3235 maiorem
1083 3184 1158 3235 netu

79 3264 202 3346 Aspnris
223 3266 320 3325 lilium
348 3284 467 3345 avoque
483 3284 538 3323 suo
558 3264 810 3341 cognominema
842 3262 944 3319 Leone
974 3258 1054 3340 Aug.
1082 3259 1158 3317 Cae·

79 3370 176 3409 sarem
196 3359 327 3409 creatum
351 3347 442 3407 fuisse
463 3344 656 3427 persuadebit
682 3345 833 3423 interpres
851 3342 975 3423 Euagrii
1003 3342 1058 3417 iis,
1082 3341 1156 3421 qui,

79 3435 188 3491 usitato
204 3432 341 3513 plurimis
362 3450 466 3503 more,
482 3431 599 3488 Graeca
615 3425 772 3486 consulere
786 3424 999 3506 dedignantur.
1041 3423 1157 3482 Locum

79 3515 165 3588 vide,
185 3536 272 3597 quem
287 3512 379 3595 paulo
400 3524 470 3571 aute
488 3510 708 3589 exscripsimus.
752 3510 876 3568 Priscus
889 3528 956 3588 pag.
966 3506 1018 3580 [ro.
1048 3506 1157 3565 editio-

80 3599 128 3659 nis
146 3600 247 3679 regiae,
271 3598 311 3657 ab
335 3616 372 3656 eo
390 3605 545 3675 superatos
565 3594 728 3651 Saracenos
753 3591 792 3650 ud
815 3591 1011 3665 Damascum,
1040 3608 1156 3649 memo-

81 3691 139 3743 rat.
178 3681 316 3741 Eundem
332 3678 523 3760 tyrannidem
535 3679 566 3734 in
584 3676 750 3735 Occidente
766 3674 938 3733 molientem
959 3670 1073 3752 expulit
1089 3672 1156 3731 Au-

82 3764 206 3827 themius
223 3765 390 3843 imperator
411 3758 493 3840 apud
511 3757 724 3817 Cassiodornm
749 3760 780 3815 in
798 3757 926 3830 Chron.‚
950 3756 1106 3815 Marciano
1127 3764 1158 3814 et

86 3850 200 3909 Zenone
220 3846 317 3916 Coss,
347 3843 518 3903 Chronieon
540 3840 793 3915 Alexandrinum,
819 3838 955 3898 Rusticio
976 3848 1006 3897 et
1026 3836 1157 3923 Clybrio

85 3932 176 4006 cnm,
199 3950 276 3989 anno
284 3928 394 3987 Christi
420 3923 507 4003 464„
529 3922 596 3982 lod.
613 3924 669 3998 ll.,
687 3923 791 3982 scribit
816 3922 905 3981 evita
925 3921 1067 4001 migrasse
1085 3940 1156 3979 sau-

86 4027 163 4073 ctum
188 4013 363 4093 Symeonem
394 4007 534 4089 Stylitam
558 4049 567 4081 ,
610 3995 697 4074 ὄντος
730 3997 799 4080 stirs
838 3996 970 4083 κόμητος
1002 3999 1156 4079 ἀνατολῆς

86 4090 303 4178 Ἀρδοβονρών
324 4090 382 4156 τοῦ
402 4086 569 4171 πατρικίου
593 4087 650 4148 τοῦ
669 4080 742 4148 οἱοῦ
754 4076 924 4169 ’Aucupor
945 4086 1003 4147 τοῦ
1024 4104 1155 4167 στρατη-
