3050 4892
346 294 391 361 ru
420 288 605 359 cononis
636 290 933 359 onsmronom.
1099 260 1180 381 ⁵7¹

231 450 494 532 Hulmficuadae
504 454 661 514 oomntt'sso
672 452 791 537 polanis
808 450 945 535 tingriae,

272 536 450 597 Primaeoue
462 538 568 599 meruit
581 534 732 620 Principes
751 537 830 597 orel
892 538 909 595 “.

231 616 364 678 rexeras
377 634 446 699 apte
458 642 535 701 puer
543 620 670 705 populns
683 640 743 702 pro
757 640 828 681 cons
897 617 1026 695 Poenos,

272 701 417 785 Aequalis
441 704 543 782 Tyrias
556 716 654 763 terror
670 723 810 789 ausosque
818 704 898 783 snit.

106 812 215 875 Albini
245 814 386 897 praelecti
413 818 498 881 urbis
525 820 663 881 meminit
688 822 829 901 antiquus
855 820 970 881 Romae
990 818 1093 903 lapis,
1114 832 1190 889 teste

105 898 271 980 Onuphrio
291 904 324 960 in
342 906 564 965 commentariis
582 903 622 963 ad
640 900 754 965 librum
775 905 898 966 tertium
917 904 1077 966 Fastorum
1092 925 1102 968 t

379 1042 419 1107 D.
453 1041 898 1105 N.FL.ARGAD10

298 1150 358 1201 rro
381 1152 490 1203 emer
514 1154 655 1205 norom
678 1154 722 1203 sc
745 1154 1008 1207 minurmroru

447 1254 619 1306 sauros
653 1250 858 1305 soousro

168 1370 432 1435 CAECINA
471 1373 693 1435 DECIUS
742 1373 995 1437 ALBINUS
1027 1376 1068 1438 V.
1097 1376 1140 1439 c.'

257 1485 470 1535 rasssccros
500 1485 584 1535 unm
617 1488 697 1537 vica
729 1486 838 1535 oscas
867 1486 1026 1539 lunlcstts

330 1585 484 1635 nsvorus
507 1584 633 1635 unnim
657 1586 868 1655 usrssmrro.
893 1587 979 1641 nius.

195 1702 272 1783 Pag.
286 1724 319 1785 9.
336 1704 372 1763 B.
394 1702 481 1787 [45o,
499 1703 544 1786 3.]
572 1705 621 1764 Dc
647 1704 761 1766 Atanlli
782 1726 856 1767 nece
882 1708 1007 1788 eiusque
1026 1728 1196 1771 successore

112 1784 215 1847 Vallia
246 1786 394 1865 Orosius,
427 1773 670 1869 Philostorgius,
707 1788 840 1869 idatius,
874 1790 1035 1868 Iordanes,
1063 1790 1194 1853 Chroni-

110 1888 172 1928 con
182 1867 436 1948 Alexandrinum,
458 1869 574 1931 Paulus
595 1871 835 1954 longobardus,
857 1872 1001 1949 Isidorus,
1023 1894 1138 1957 nosque
1159 1896 1194 1936 ex
1206 1884 1232 1937 P.
1248 1882 1285 1955 9⁸

110 1952 150 2012 iis
171 1950 295 2033 aliisque
315 1951 464 2014 historicis
484 1955 517 2012 in
537 1954 689 2015 Chronico
708 1974 806 2017 novae
825 1956 949 2021 Romae.
990 1957 1106 2017 Verum
1129 1978 1197 2019 cae-

115 2034 166 2095 dis
203 2034 284 2096 illius
305 2048 457 2097 auctorem
477 2036 614 2098 Dubium
642 2038 779 2099 Gothum
815 2037 944 2121 plurima
1002 2060 1019 2100 e
1050 2038 1199 2121 περιστά-

110 2136 180 2188 σεις
200 2116 422 2200 Olympiodoro
447 2130 553 2181 nostro
567 2120 679 2183 debent
694 2124 882 2204 antiquitatis
902 2060 1047 2199 stusdidsi,
1069 2134 1103 2183 ut
1118 2142 1196 2205 quae

110 2199 154 2261 de
171 2200 337 2283 Siogerichi
357 2204 488 2264 barbara
508 2203 685 2265 crudelitate
700 2206 847 2287 brevique
867 2216 980 2287 septem
1004 2206 1121 2265 dicrum
1141 2208 1200 2267 im-

112 2286 202 2365 perio
222 2285 382 2347 subnectit.
427 2287 572 2351 Iordanes
592 2287 674 2349 aliud
696 2289 897 2352 interfectoris
918 2309 1029 2350 nomen
1051 2286 1202 2371 aliamque

111 2380 263 2429 memorat
277 2390 398 2431 eausam
418 2373 512 2449 necis,
533 2370 580 2431 his
590 2371 691 2433 verbis
707 2394 716 2433 s
742 2372 841 2434 Tertio
859 2394 939 2433 anno
954 2386 1110 2459 postquam
1121 2372 1199 2431 Gal·

111 2450 175 2509 tias
184 2450 406 2537 Hespam'srsque
421 2454 597 2529 domeu'sset,
619 2454 750 2515 oeaebuit
764 2454 867 2537 gladio
880 2456 933 2517 ttto
945 2456 1100 2541 pesfomto
1120 2454 1157 2517 V
1150 2474 1200 2515 et·-

112 2533 211 2619 nulfi,
230 2534 268 2595 de
284 2538 365 2595 caim
382 2536 562 2597 satiauerat
574 2538 672 2598 ridere
684 2552 804 2604 secana.

201 2616 278 2698 Peg.
293 2636 326 2699 9.
348 2618 384 2678 C.
402 2616 491 2703 [459,
509 2618 571 2701 rs]
592 2620 789 2701 Ss'ngericlms,
814 2622 1012 2703 Sorifmter.
1052 2620 1202 2702 Corrupto

110 2718 192 2761 voce
211 2701 242 2758 in
264 2700 401 2761 Gothicis
435 2702 571 2762 Iordanis
591 2702 772 2785 Originibus
792 2705 960 2784 Reperiam,
991 2704 1123 2781 Orosio,
1145 2704 1203 2762 lsi-

112 2782 194 2845 doro
214 2781 340 2865 aliisque
366 2782 473 2845 melius
501 2785 651 2865 Segericus
682 2786 747 2844 sive
770 2782 808 2843 Si
824 2788 916 2846 err‘cas
946 2786 1077 2865 dicitur,
1101 2804 1201 2865 quem

111 2863 254 2949 plerique
280 2867 320 2927 ob
347 2870 488 2950 exiguum
514 2870 658 2948 temporis
686 2808 881 2927 intervailnm
907 2889 942 2929 ex
967 2868 1037 2929 albo
1064 2866 1201 2949 Vesogo-

116 2948 245 3010 thorum
265 2965 371 3033 regum
392 2973 426 3011 cx
448 2960 576 3033 ungunt.
605 2947 732 3011 Παιδία
746 2949 833 3031 lege,
854 2972 916 3011 non
937 2947 1061 3011 natta«.

201 3033 279 3115 Pag.
297 3055 329 3116 9.
345 3035 386 3094 D.
401 2973 487 3119 [[59,
507 3032 572 3115 ι6.]
593 3033 727 3115 Sigesan'
749 3034 910 3118 episcopie
931 3035 1008 3095 sinu.
1052 3032 1137 3114 lpsus
1151 3030 1205 3093 ille

115 3115 242 3178 videtur
272 3118 443 3178 Gothorum
474 3119 631 3199 episcopus
658 3116 841 3198 Sigcsarius,
869 3118 922 3199 qui
942 3127 1018 3177 teste
1038 3116 1204 3178 Sozomeno

116 3198 176 3263 llb.
201 3222 274 3284 9.c.
294 3200 431 3265 slmllitcr
447 3221 479 3283 9.
501 3200 626 3261 Alarico
654 3202 717 3281 regi
741 3201 912 3261 carissimus
942 3202 1033 3261 sacris
1060 3198 1205 3280 baptismi

115 3283 212 3349 undis
233 3284 405 3345 Christiano
425 3282 647 3349 rituabluerat
668 3282 807 3343 Attalum
838 3292 869 3344 et
895 3281 1034 3345 Arrianis
1053 3302 1137 3367 spem
1158 3280 1204 3343 la·

116 3368 231 3444 ciebat,
253 3377 300 3442 ut,
322 3371 347 3428 si
365 3370 391 3428 is
406 3368 528 3427 lirinum
545 3367 694 3427 obtineret
710 3366 883 3448 imperium,
900 3368 932 3425 in
950 3366 1094 3441 ecclesiis,
1116 3362 1206 3426 sicuti

115 3452 334 3531 Constantiiet
353 3451 491 3512 Valentis
510 3463 664 3532 tempore,
694 3452 860 3531 primatum
879 3448 1063 3510 obtinerent.

206 3532 505 3618 Pag.10.13.[460‚
527 3532 576 3617 a.]
601 3531 757 3593 Valerium
779 3530 930 3594 Thraciae
949 3532 1136 3614 praelecmm
1156 3530 1206 3590 su-

118 3619 182 3679 isse
201 3621 366 3699 imperante
386 3619 564 3678 Constantio
591 3625 621 3675 et
641 3616 806 3677 abeodem
827 3615 947 3677 effossas
964 3628 1120 3699 argenteas
1144 3622 1208 3677 sta·

117 3710 211 3778 tuas,
231 3712 267 3761 ut
286 3701 372 3762 facile
393 3703 591 3763 concesserim
599 3698 838 3781 Olympiodoro,
862 3701 905 3761 ita
926 3697 1035 3761 falsum
1056 3720 1120 3761 esse
1143 3696 1207 3760 exi-

119 3788 228 3861 stimo,
256 3783 339 3865 quod
356 3786 494 3846 subiicit:
521 3806 557 3845 eo
575 3783 706 3864 primum
720 3794 857 3865 tempore
872 3794 902 3844 et
916 3782 974 3844 hac
996 3786 1153 3845 occasione
1173 3784 1209 3842 in

121 3868 289 3929 Thraciam
302 3869 434 3951 erupisse
452 3866 582 3928 Gothos.
622 3864 775 3927 Discimus
794 3869 874 3926 enim
896 3887 931 3926 ex
953 3864 1100 3928 historico
1120 3866 1209 3928 Ano-

121 3972 239 4033 nymo,
262 3952 348 4012 cuius
374 3946 685 4096 excerptrrpeppuaedam
710 3949 749 4009 de
775 3950 866 4010 rebus
888 3951 991 4032 Magni
1018 3948 1227 4046 Constantini

215 4032 411 4132 hmmianum
429 4037 497 4134 Ma,
555 4036 640 4093 inum
655 4032 736 4093 edita
747 4044 831 4111 sunt,
849 4034 945 4133 iama
964 4031 1210 4130 pluribustanms

108 4198 700 4269 ...i
1105 4132 1209 4259 tc
