3050 4892
489 262 755 331 ermoldum
785 266 989 372 ursuouul.
1167 240 1254 352 309

169 419 280 483 δι’σκου
319 412 390 493 ἓνδς
430 416 676 503 ὐργυροποιὴτου
712 418 769 485 καὶ
802 416 909 502 ὐλάγσυ
936 424 1091 505 χρυσδου,
1129 419 1178 487 dn
1216 426 1399 509 raidida

168 515 236 601 μὴν
278 515 337 581 aas*
374 509 567 598 άμπεχονίου
603 516 762 581 Σκυθάου.
809 516 892 601 πλὴν
923 521 1083 585 ἐδεδίεσαν
1115 518 1146 585 ui
1177 506 1356 606 nspihdff.

168 616 281 678 Βάνον
309 614 530 698 λδιοβουλῆσαι
557 616 614 679 rui
640 613 717 697 οὐχὶ
744 612 852 705 γνύμρ
877 619 934 681 cusi
957 617 1185 704 αὐτοκράτορος
1215 577 1382 685 ‹i-humus

169 736 274 776 ποντα
308 710 564 797 διαπράξασθαι.
605 711 825 795 α’ντεσήμαναν
857 719 1028 800 τοιγαροῦν
1063 710 1170 805 αὐτῷ,
1209 717 1253 803 οἷς

147 805 250 894 5,,νύν
270 808 384 893 ἔχομεν
401 813 536 893 βασιλέα
558 809 695 897 φοβερόν
715 833 750 875 τε
770 814 827 876 καί
845 814 1107 898 ἕμβριθέστατυν,
1125 814 1180 880 καί
1197 811 1253 881 οὐκ

170 908 365 991 ἀνεξόμεθα,
387 909 463 973 οὐδὲ
483 904 544 975 ὅσα
566 902 632 975 οἶόν
649 912 685 975 τὲ
705 911 775 975 ἔστι
794 912 959 976 διαλαθεῖν
991 907 1091 977 αὐτὸν
1117 915 1254 977 ἐπιτελέ-

168 1032 224 1073 σαι
253 1003 471 1093 αὐθαιρέτως,
525 1001 628 1085 άλλως
645 1032 679 1073 τε
706 1006 763 1073 καί
781 1009 887 1093 ἡμεῖς,
911 1005 968 1075 dira
988 1012 1023 1075 ἐν
1042 1008 1254 1096 στρατεύματι

168 1105 391 1190 τυγχάνοντες,
407 1107 466 1169 οὐκ
484 1103 703 1194 ὐπιφερὸμεθα
715 1108 889 1194 χρημάτων
907 1112 1091 1195 περιουσίαν
1112 1104 1135 1194 ἢ
1154 1107 1253 1190 μόνον

168 1201 392 1289 στρατιωτικήν
421 1204 611 1291 ἐφεστρίδα,
641 1201 681 1289 ἦν
700 1230 736 1291 γε
758 1203 796 1291 δά
816 1229 878 1271 που
899 1205 955 1271 καί
971 1207 1282 1292 περιβεβλήμεθα,1)

128 1298 218 1367 Ῑοέτι
235 1325 271 1366 τε
301 1300 343 1367 τά
364 1295 465 1367 δ’πλα.
506 1306 732 1389 δωροφορῆσιιι
762 1302 803 1389 δὴ
824 1296 881 1369 οὐν
901 1307 945 1393 τῷ
964 1308 1028 1370 τούν
1045 1298 1193 1389 ’Λβάρων
1211 1303 1251 1390 ἦ·

167 1403 309 1489 γοομένιρ
330 1402 364 1477 ἐξ
384 1391 432 1485 ὧνΙ
455 1402 598 1465 ἐνταῦθα
618 1397 735 1485 ἥκομεν
761 1400 884 1486 ἔχοντες
905 1405 1059 1484 εὐτελῶν,
1089 1395 1201 1486 άθρει,
1222 1395 1251 1467 ω’

169 1498 319 1581 Χάγανε,
339 1496 385 1582 μὴ
404 1500 469 1569 ,καί
494 1494 590 1583 άβρις
610 1504 732 1586 πέφυκά
751 1525 819 1577 τις.
858 1499 1019 1584 άξιδτιμον
1039 1504 1092 1583 δὲ,
1112 1499 1196 1569 καθά
1215 1498 1250 1565 ἔ-

168 1620 249 1683 φην,
277 1592 339 1661 aidi
366 1596 424 1660 οὐκ
444 1593 578 1679 ἔχομεν·
624 1596 666 1661 τοὶ
684 1597 747 1682 γάρ
776 1602 1010 1685 τιμαλφὲστερα
1029 1602 1092 1671 ταῖν
1111 1600 1249 1688 ἐφοδίων

165 1696 244 1779 ἡμῖν
263 1697 297 1760 ἐν
317 1691 434 1779 ἑτέροις
454 1694 637 1781 ὐπάρχουσι
656 1696 763 1771 τόποις
783 1695 839 1762 καί
858 1696 903 1771 ὥς
920 1698 1117 1783 πορρωτάτω
1138 1698 1249 1781 ἡμῶν.

127 1794 199 1860 ιόεὐ
217 1787 306 1861 οὐού
327 1799 401 1859 καθ’
421 1793 506 1878 ἡμᾶς
526 1794 729 1879 αὐτοκράτωρ
752 1792 1091 1881 φιλοφρονήσεταάύοι
1114 1794 1248 1881 διάροις,

165 1886 223 1955 οὐκ
246 1889 413 1975 ὐννήσομεν
443 1887 480 1975 δή
515 1914 576 1955 που
598 1893 654 1955 καί
670 1892 761 1977 ἡμεῖς
780 1889 949 1975 γεγηθότες
967 1914 1001 1957 τε
1020 1892 1076 1961 eoi
1092 1898 1137 1981 τῷ
1156 1898 1249 1973 βασι-

164 1996 218 2053 isi
244 1986 392 2071 ἑπόμενοι
424 1992 527 2054 ταῦτα
560 1987 818 2075 διαπράξασθαι,
845 1985 984 2057 καθόσον
1002 1983 1066 2055 οἷοί
1080 1994 1115 2055 τέ
1134 1993 1247 2075 ἐσμεν,

163 2082 271 2171 οἵσπερ
307 2092 389 2176 φιλῳ
409 2085 661 2175 προσφερόμενοι
682 2088 737 2153 καί
755 2084 948 2177 ὅμοδούλῳ.”
987 2087 1068 2174 πρὸς
1087 2091 1189 2153 ταῦτα
1210 2089 1249 2153 ά-

161 2185 358 2271 γανοιντήσας
378 2182 543 2263 δ’Βαϊανδς
563 2186 622 2253 σάν
642 2183 725 2277 δρκῳ
744 2189 923 2274 ἤπειλησεν,
941 2178 963 2273 ἧ
981 2187 1047 2272 μὴν
1065 2186 1248 2273 στράτευμα

123 2285 337 2366 οαένπέμψειν
378 2281 435 2370 τήν
474 2286 646 2367 Ῥωμαίων
681 2282 972 2372 ἐπιδραμούμενον.
1021 2284 1076 2351 sai
1110 2283 1149 2370 dt}
1183 2292 1241 2350 τού
1249 2298 1276 2349 Ρ.
1289 2300 1338 2369 nl

160 2386 339 2468 στρατηγού
356 2382 529 2467 κατάδηλον
565 2386 652 2473 αὐτῷ
682 2382 903 2469 πεποιηκότος,
935 2382 979 2461 οἷς
998 2388 1118 2464 ἐξέσται
1136 2387 1197 2466 μέν
1217 2384 1248 2451 ολ

164 2492 264 2547 ποιεῖν
285 2479 346 2547 ὅσα
377 2476 418 2547 άν
446 2479 631 2568 δυνήσοιτο,
654 2486 770 2550 εἰδέναι
792 2487 848 2567 δὲ,
868 2485 913 2561 οὖς
934 2481 973 2549 οὐ
994 2482 1118 2559 πάντως
1139 2484 1189 2547 ἐπ’
1208 2484 1247 2547 ά-

162 2618 166 2641 *
233 2650 257 2687 a.
278 2632 416 2707 Σκυθίου]
436 2637 556 2706 σςριιιού
569 2634 639 2687 coni.
657 2638 686 2687 B.
747 2634 893 2688 ἐδεδιασιν
906 2636 971 2757 pie)
988 2634 1061 2705 vulg,
1137 2634 1246 2705 &ruy-

233 2702 324 2773 χάνον
341 2705 412 2774 vulg.
494 2722 532 2759 ra.
549 2706 663 2776 πέφυκέ
678 2722 722 2763 τις
739 2708 771 2757 ll.
781 2745 789 2770 ,
807 2721 904 2777 respue
922 2719 965 2764 τες
987 2707 1059 2772 vulg.

165 2840 256 2909 etqui
279 2840 305 2893 ei
327 2838 475 2893 adstabant
504 2841 610 2911 aliquid
627 2842 738 2911 proprio
771 2841 885 2893 consilio
904 2838 1058 2893 inconsulto
1077 2840 1244 2906 Imperatore

161 2910 251 2962 facere
278 2910 419 2963 timebant
461 2912 556 2982 Itaque
572 2912 673 2963 Baiano
701 2916 796 2962 contra
824 2910 980 2979 respoudit:
998 2908 1154 2973 „Habemus
1171 2924 1245 2959 ntrue

160 2978 364 3048 Imperatorem,
381 2980 431 3049 qui
448 2978 529 3032 facile
551 2982 585 3034 ad
603 2980 771 3033 iracundiam
790 2978 952 3048 adducitur,
974 2994 1057 3050 quare
1078 2994 1112 3029 ne
1131 2994 1161 3029 ea
1179 2979 1244 3047 qui·

162 3050 239 3113 dem,
256 3066 328 3120 quae
356 3049 468 3103 sortasse
500 3066 562 3102 cum
580 3052 714 3115 laterent,
737 3058 830 3102 nostra
858 3056 956 3120 sponte
984 3056 1013 3099 et
1029 3046 1139 3116 propriu
1158 3047 1244 3099 animi

160 3120 266 3171 iudicio
285 3122 376 3173 lacere
393 3120 595 3173 sustinebimus.
631 3122 773 3173 Praeterea
782 3138 865 3191 quum
883 3118 1023 3170 incastris
1042 3116 1177 3185 degamus,
1194 3132 1246 3186 pe·

162 3192 255 3243 cuuiss
278 3192 311 3243 in
332 3198 473 3242 numerato
502 3190 615 3243 minime
641 3188 791 3255 habemus,
814 3206 904 3260 neque
930 3188 1076 3258 quicquam
1100 3184 1243 3237 nobiscum

162 3261 274 3313 serimus
300 3262 355 3313 nisi
386 3268 548 3313 castrensem
581 3262 818 3330 suppellectilem,
848 3269 878 3312 et
897 3274 943 3322 ea,
969 3256 1070 3329 quibus
1095 3254 1242 3319 induimur,⁴

162 3328 412 3401 Deniquelliarum
440 3330 502 3381 duci
521 3348 557 3393 ετ,
570 3330 620 3393 ils,
638 3331 738 3401 quibus
759 3330 865 3383 modice
887 3330 1011 3382 instructi
1034 3326 1087 3378 hue
1103 3326 1242 3389 venimus,

162 3398 234 3451 dous
257 3404 353 3454 ollerre
377 3400 456 3465 ride,
479 3418 494 3452 o
523 3400 665 3469 Chagnne,
693 3417 728 3453 ae
746 3401 848 3453 iniuria
866 3408 894 3451 et
910 3398 1060 3469 ignominia
1082 3397 1173 3465 aliqua
1191 3396 1242 3446 sit:

160 3486 225 3521 narn
241 3470 311 3523 nibil
327 3477 405 3525 tanto
423 3470 527 3523 honore
545 3470 621 3539 digni
639 3470 778 3524 babemus.
807 3469 970 3523 Pretiosiora
988 3470 1061 3518 enim
1079 3466 1243 3517 viaticururn

158 3546 398 3607 nostrorumsuut
415 3539 445 3592 in
460 3540 523 3592 aliia
542 3541 609 3593 locis
628 3550 656 3593 et
673 3541 753 3613 longe
772 3557 788 3591 a
805 3539 886 3591 nobis
901 3538 1012 3590 remotis
1029 3537 1126 3605 posita.
1144 3534 1242 3605 Quod-

158 3610 183 3660 ri
204 3626 251 3663 vor
274 3606 424 3679 imperatur
448 3620 540 3666 noster
562 3611 720 3663 muneribus
743 3610 877 3663 demereri
902 3606 1036 3667 vuluerit,
1052 3622 1108 3657 non
1130 3614 1241 3657 cuncta·

155 3678 267 3744 bimur,
294 3680 348 3731 tibi
372 3688 400 3733 et
421 3680 502 3733 uobis
529 3682 712 3749 gratulantes,
738 3688 767 3733 et
796 3678 971 3749 Imperatoris
995 3676 1067 3727 iussa
1084 3676 1192 3735 lacere,
1211 3682 1240 3727 et
1265 3686 1268 3692 ’

158 3765 258 3813 omne,
285 3750 376 3819 quoad
400 3752 459 3809 eius
483 3751 542 3803 lieri
562 3752 678 3820 poterit,
697 3748 772 3821 quod
792 3749 846 3800 tibi
861 3746 1012 3809 conducet,
1029 3746 1160 3815 exsequi,
1177 3752 1240 3795 taa-

157 3836 243 3890 quam
272 3820 352 3872 amici
379 3829 407 3873 et
432 3822 508 3883 eius,
534 3822 583 3893 qui
602 3837 656 3871 una
683 3820 829 3871 uobiscum
848 3819 896 3869 uni
918 3818 1029 3869 domino
1047 3823 1142 3885 paret,
1159 3815 1240 3866 utili·

157 3890 267 3943 tatibus
293 3891 494 3943 inservientes.''
545 3890 588 3942 Ob
606 3888 672 3941 baec
690 3889 844 3959 indignatus
866 3888 982 3940 Baianus
1010 3887 1102 3939 iurans
1119 3886 1238 3965 minatup

158 3969 220 4022 cst,
245 3976 275 4013 rc
292 3960 475 4013 immissurum
493 3963 641 4013 exercitum
659 3961 689 4011 ia
706 3961 884 4011 Romanorum
900 3958 1013 4011 ditionis
1032 3958 1171 4027 regiones,
1189 3968 1237 4023 qur

158 4030 353 4100 populationes
370 4029 478 4082 luceret.
505 4030 547 4083 Ad
565 4048 636 4101 quise
653 4046 712 4081 cum
730 4028 786 4081 dux
804 4030 892 4099 palam
908 4028 1093 4098 praedicaret,
1110 4026 1153 4074 illi
1177 4022 1239 4095 qui-

162 4098 223 4155 dem
251 4102 335 4157 licere
356 4102 460 4163 omnia,
488 4116 556 4171 <prae
573 4108 680 4171 porret,
700 4100 809 4171 aggredi
831 4107 858 4153 ct
879 4106 999 4162 tentare,
1016 4095 1064 4166 sed
1079 4107 1237 4166 persuasum
