3050 4892
310 299 392 354 220
744 289 953 358 EXCERPTA

159 449 385 536 ei.C.tt35rosi;
406 451 526 538 φάρονς
545 448 608 513 τῶν
631 437 761 512 Oinone
780 444 825 531 μὴ
847 445 1073 528 κομιζομένων,
1096 433 1152 521 σάς
1169 440 1201 510 oi
1221 429 1326 508 πάλαι
1343 445 1407 526 μὲν

214 538 370 616 11ιά’3τῶν
390 551 530 633 Περσῶν
552 549 609 611 ναί
627 545 778 632 Πάρθων
798 545 1019 628 βασιλεύοντες
1039 541 1165 609 ἔθεντο.
1192 534 1238 608 ὧν
1258 540 1276 608 ὅ
1296 539 1403 626 πατὴρ

184 610 589 734 116011’ᾖτὴντοάφάροιά
611 641 876 731 άπαρνησάμενος
897 616 1069 728 άπαχωγην
1089 640 1143 708 τὸν
1163 642 1305 724 πόλεμον
1323 641 1405 706 άπε-

307 752 439 829 tegare,
460 747 514 810 uui
534 747 643 810 τοῦτον
662 742 744 826 μετά
764 745 821 827 τῆς
841 745 1004 826 βασιλείας
1023 745 1214 826 παρέπεμψε
1233 742 1276 828 τῷ
1297 741 1404 822 παιδί,

308 843 389 912 uiues
416 852 485 922 ταῖς
517 841 637 926 μάχαις
665 845 923 929 ἐπιτριβομένοις
950 839 1025 918 τούς
1047 843 1181 924 Πέρσας
1201 836 1308 929 ἀπάτη
1330 841 1427 907 tes-5

307 950 404 1030 λῆσαι
423 940 480 1030 την
507 945 571 1008 τῶν
602 934 730 1008 oium
756 946 854 1006 λῦσαι
885 936 1055 1028 διαφοράν,
1078 942 1134 1003 καί
1163 943 1242 1024 δῆτα
1265 939 1406 1019 διαπέμ-

308 1049 439 1128 ψασθαι
465 1043 520 1108 τὸν
550 1040 722 1129 Πειράζην
744 1043 853 1126 (τοῦτο
883 1038 946 1126 γάρ
974 1029 1014 1124 ἦν
1033 1030 1136 1121 ὄνομα
1155 1041 1198 1127 τῷ
1218 1035 1291 1104 τότε
1312 1041 1407 1120 Περ-

310 1146 375 1212 σῶν
393 1142 607 1229 βασιλεύοντι)
630 1138 708 1227 πρὸς
726 1136 785 1205 τάν
806 1137 963 1224 Κοάχχαν
981 1138 1037 1204 τὸν
1060 1132 1188 1204 Οἴιννων
1207 1135 1403 1222 ἡγούμενον,

311 1245 357 1320 ὥς
377 1242 435 1328 την
454 1239 535 1328 πρὸς
554 1237 653 1306 oriris
665 1240 843 1321 άσμενιζων
854 1237 982 1324 εἰρήνην
995 1239 1052 1304 ἐπί
1062 1261 1096 1304 τε
1119 1239 1289 1325 συμμαχίη
1310 1236 1406 1299 σπέν-

312 1345 427 1407 δεσθαι
446 1337 608 1424 βοάλοιτο,
631 1339 687 1404 καί
704 1337 763 1423 την
784 1340 883 1403 orituri
906 1341 1062 1427 κατεμηιοᾷ
1082 1329 1241 1423 άδεληιίμ.
1284 1331 1446 1402 νεμέτω-ιο

312 1465 368 1506 τον
392 1439 454 1525 γάρ
482 1437 582 1505 αὐτὸν
607 1433 691 1504 εἶναι
718 1441 903 1520 συνέβαινε,
935 1439 992 1501 καί
1021 1435 1151 1521 μηδέπω
1180 1435 1304 1500 παίδων
1325 1426 1406 1498 εἶναι

311 1544 453 1625 πατέρα.
493 1537 551 1604 τάν
581 1539 617 1602 ii
646 1534 900 1625 προσδεξάμενον
929 1534 1005 1612 τούς
1032 1534 1154 1618 λόγους·
1170 1535 1338 1618 γήμασθαι
1367 1529 1406 1594 ori

311 1643 370 1705 τοῦ
390 1635 561 1723 Πειράζσυ
582 1636 744 1724 ἀδελφὴν,
766 1637 835 1702 ἀλλ’
854 1633 970 1721 ἑτέραν
986 1645 1120 1720 γυναῖκα
1139 1632 1312 1718 βασιλικάς
1335 1633 1410 1696 ‹isn-

287 1743 542 1824 οιωσμηθεῖσσν,
563 1732 604 1820 ἢν
622 1733 650 1822 ’,ὅ
672 1739 812 1823 Περσῶν
840 1732 1003 1822 μόναρχος
1024 1738 1196 1817 ἐξέπεμψε,
1226 1725 1410 1817 παρεγγυά-

311 1862 384 1920 σας,
410 1836 454 1913 σάς
474 1836 569 1902 οὐδὲν
591 1840 651 1919 μὲν
674 1832 938 1901 άνακαλάνιτονσα
958 1838 1020 1900 τῶν
1041 1835 1323 1923 ε’σχηματισμένων
1346 1835 1449 1912 tia-ri

296 1935 434 2011 ’σιλείος
453 1938 510 2000 noi
528 1936 733 2020 εὐδαιμονίας
751 1938 894 2018 μεθέξει,
915 1937 1085 2018 ἐκλέγονσα
1106 1933 1142 1997 δὲ
1161 1930 1218 2017 την
1238 1929 1410 2017 ὑπόκρισιν

312 2034 451 2102 θάνατον
470 2039 533 2115 ἔξει
553 2035 690 2120 ζημίαν·
735 2037 775 2100 ori
795 2034 855 2123 γάρ
879 2035 1046 2114 άνέξεσθαι
1063 2031 1120 2098 τάν
1139 2033 1326 2118 ’Κιδαριτοῖν
1347 2022 1411 2114 άρ-

235 2141 418 2221 ν.5ιχοντα
438 2133 637 2221 θεράπαιναν
658 2131 744 2218 ἔχειν
762 2132 989 2220 γαμετῆνάντί
1007 2135 1062 2219 τῆς
1082 2123 1120 2196 asi
1134 2133 1309 2216 γενομένης.
1330 2127 1411 2194 τοά-

312 2257 372 2299 τον
390 2231 489 2318 χάριν
509 2232 715 2314 σπεισάμενος
735 2233 753 2299 ά
778 2234 949 2321 Πειράζης
968 2232 1048 2320 πράς
1066 2232 1121 2298 τὸν
1140 2233 1205 2296 ταῖν
1221 2222 1350 2296 Οιῖννων
1369 2228 1413 2314 ἧ-

314 2329 468 2416 μοάμενον
496 2330 553 2395 οὖν
590 2332 745 2398 ἐπιπολὺ
775 2337 832 2418 τῆς
863 2335 984 2419 άπάτης
1004 2329 1168 2398 άπάνατο·
1189 2329 1449 2413 εάλαβηθεῖσαεο

314 2429 376 2516 γάρ
397 2429 418 2515 ἦ
438 2429 528 2516 γυνη,
539 2429 586 2514 μη
605 2453 678 2495 ποτε
700 2430 717 2496 ὅ
739 2423 849 2519 άρχων
868 2435 927 2500 τοῦ
949 2429 1064 2507 ἔθνους
1083 2427 1146 2496 riuti
1165 2425 1283 2516 ἑτέρων
1302 2425 1413 2493 πειθά-

310 2551 410 2610 μενος
431 2526 490 2614 τῆν
512 2529 608 2615 αὐτῆς
626 2529 726 2616 τάχην
745 2535 877 2621 χαλεπῷ
898 2530 998 2618 αάτην
1023 2531 1134 2618 ὑφέξει
1160 2529 1288 2618 θανάτῳ
1295 2581 1305 2610 ,
1344 2555 1413 2614 μη·
1501 2553 1502 2572 ι

286 2624 441 2694 Drimati
462 2633 642 2715 μελετηθέν.
684 2631 704 2695 o‘
720 2633 756 2698 δὲ
772 2632 924 2717 Κοάγχας
943 2634 1111 2707 ἐπαινέσας
1128 2626 1185 2715 τήν
1204 2636 1338 2712 γυναῖκα
1356 2630 1413 2712 τῆς

311 2767 315 2776 ’
389 2781 415 2834 9.
434 2761 589 2830 niririi„
619 2762 714 2819 αὐτῶν
729 2767 800 2838 vulg.
873 2783 913 2836 ιη.
937 2763 1091 2827 άνέξεσθαι
1118 2764 1151 2818 N.
1160 2802 1169 2828 ,
1193 2761 1311 2826 ἕξεσθαι
1326 2767 1413 2836 vulg„

390 2836 481 2897 stenes
499 2835 534 2891 ii.
609 2853 653 2891 aa.
671 2837 787 2906 χαλεπῷ
802 2837 835 2890 N.
842 2875 853 2902 ‚
871 2837 1002 2908 χαλεπῶς
1019 2835 1090 2905 vulg.

320 2963 417 3026 pterea
441 2956 517 3029 quod
540 2956 634 3010 Hunni
660 2958 775 3011 minime
799 2957 931 3012 tributum
958 2959 1131 3022 inserebant,
1158 2957 1234 3029 qnod
1259 2955 1317 3010 illis
1345 2955 1411 3010 olim

321 3027 462 3080 Persarum
503 3035 532 3079 rt
556 3027 715 3082 Parthorum
747 3047 822 3100 reges
849 3031 1044 3101 imposuerant
1093 3031 1127 3082 Et
1152 3031 1222 3099 regis
1247 3027 1412 3079 Hunnorum

322 3098 535 3168 pater‚tributi
562 3099 717 3152 illationem
744 3116 876 3164 renuens,
903 3098 1006 3152 beilum
1025 3107 1182 3168 exceperat,
1205 3097 1281 3168 quod
1298 3096 1411 3180 quidem

323 3185 379 3220 una
403 3185 465 3221 euna
493 3186 575 3240 regno
599 3168 634 3222 ad
658 3170 747 3222 filium
765 3173 965 3224 transmiserat:
985 3172 1071 3224 donec
1088 3169 1175 3224 Persia
1193 3169 1313 3238 longiori
1339 3165 1410 3218 bello

324 3239 480 3308 defatigatir
519 3241 597 3294 venit
627 3243 658 3292 in
684 3250 805 3293 mentem
838 3240 942 3293 bellum
973 3259 1034 3293 eum
1062 3241 1169 3292 Hunnis
1202 3237 1299 3290 fraude
1326 3237 1411 3292 finire.

312 3311 421 3381 ·ltaque
450 3309 559 3362 Peroses
591 3311 649 3383 (sie
674 3311 746 3362 enim
763 3313 911 3364 -Persarunr
939 3310 1183 3382 rex'voeabatur)
1201 3308 1237 3361 ad
1265 3307 1411 3368 Concham,

323 3380 485 3433 Hunnorum
503 3397 604 3450 regem,
628 3380 718 3445 misit,
742 3389 872 3452 tanquam
896 3382 981 3436 vellet
1005 3399 1065 3434 euna
1096 3381 1152 3434 iilir
1181 3395 1277 3450 pacem
1307 3379 1411 3431 firmare

325 3457 354 3502 et
382 3467 518 3502 armorum
542 3454 701 3504 societatem
732 3452 845 3522 iungere
883 3461 911 3504 et
936 3451 980 3504 illi
1009 3469 1085 3504 suam
1105 3467 1227 3503 sororem
1255 3437 1321 3500 hare
1348 3463 1411 3498 uxo-

325 3535 392 3576 rem.
427 3521 478 3572 lile
502 3523 577 3574 enim
601 3531 660 3575 erat
681 3530 740 3574 tum
768 3524 839 3575 sorte
861 3521 952 3575 adhue
978 3523 1083 3584 iunior,
1107 3537 1198 3593 neque
1223 3520 1289 3572 dum
1314 3518 1411 3568 liberos

324 3590 397 3641 ullos
425 3592 580 3644 sustulerat
617 3591 726 3663 Quibus
750 3593 923 3647 sermonibus
947 3609 1008 3643 curn
1033 3591 1156 3648 Conchar
1179 3598 1251 3642 esset
1275 3601 1411 3648 assensus,

325 3675 382 3711 non
392 3667 483 3712 tamen
493 3661 597 3715 Perosis
607 3679 728 3714 sororem
745 3665 776 3716 in
794 3662 995 3718 matrimonium
1006 3663 1096 3726 duxit,
1114 3660 1254 3714 sedaliam
1273 3659 1409 3710 mutierem

323 3730 400 3796 regio
419 3731 494 3781 cuttu
512 3733 680 3786 adornatam.
714 3732 791 3786 Hanc
809 3740 901 3785 autem
918 3735 1058 3787 Persarum
1077 3749 1124 3783 rex
1142 3731 1227 3793 misit,
1245 3735 1286 3792 ut,
1304 3729 1327 3780 si
1343 3723 1409 3778 nihii

326 3817 436 3862 eorum,
454 3817 526 3870 quae
543 3802 723 3874 fingebantur,
741 3805 908 3868 enuntiaret,
927 3806 1017 3870 regine
1036 3803 1177 3856 felicitatis
1194 3801 1353 3870 participem
1369 3795 1411 3846 su·

324 3878 429 3922 turamz
448 3873 492 3921 sin
501 3873 602 3936 minus,
615 3882 644 3926 et
652 3875 778 3926 simulata
797 3875 944 3944 detegeret,
963 3875 1057 3927 mortis
1076 3873 1243 3943 supplicium
1259 3869 1409 3922 subituram

324 3939 387 3992 Non
407 3941 480 3992 enim
500 3959 642 4013 passurum
660 3943 845 3998 Cidaritarurn
873 3961 979 4013 regern,
1006 3960 1117 3996 uxorem
1142 3959 1171 3994 se
1190 3942 1293 3993 habere
1311 3935 1410 3990 servilis

325 4009 493 4062 conditionis
528 4029 577 4080 pro
597 4017 717 4085 ingenua
753 4023 782 4067 et
812 4015 909 4068 nobili.
947 4016 1015 4068 Cum
1043 4015 1127 4082 igitur
1148 4011 1191 4063 hia
1210 4005 1410 4063 conditionibus

326 4080 436 4132 Pcrosrs
452 4099 547 4152 pacem
566 4101 626 4136 cnm
638 4085 799 4138 Hunnorum
820 4103 881 4156 rege
900 4077 1062 4146 annuisset,¹
1079 4099 1135 4135 non
1155 4084 1196 4134 ilii
1217 4082 1264 4134 diu
1283 4096 1327 4130 sna
1342 4076 1412 4125 fraus

327 4151 444 4205 utilitati
469 4161 497 4205 et
514 4154 618 4208 fructui
635 4154 696 4207 init.
732 4155 834 4211 Mulier
853 4155 926 4208 euim
943 4157 1058 4218 timens,
1088 4171 1132 4217 ne,
1153 4156 1176 4205 si
1194 4152 1266 4206 torte
1283 4165 1328 4222 per
1345 4144 1411 4196 aiios
