3050 4892
440 303 650 372 nument
681 299 885 370 merome.
1118 265 1205 388 ²49

120 459 237 546 ταδτην
257 453 420 546 ὥρμηται,
448 461 506 524 καί
532 455 580 525 δτι
608 461 651 547 τῷ
669 463 800 541 βασιλεῖ
823 438 1096 523 retroductam
1117 458 1280 542 ἕστηκα
1293 459 1345 532 479

120 563 177 626 καί
195 555 240 635 οἷς
256 557 467 642 Ἀδαμοὶντιος
487 561 542 624 ἐπί
558 561 659 623 ταῦτα
679 559 867 644 πεμφθείη·
887 563 1027 641 κρείττον
1045 547 1103 620 οὖν
1119 533 1330 675 εἶναιέἓὲὸζθ

120 655 253 741 αὐτοῖς,
281 661 342 735 ἓοος
362 655 410 723 ἔτι
431 651 581 740 ἄπεστιν,
610 655 687 722 κατὰ
706 659 834 721 πλείονα
855 654 973 739 σχολὴν
991 654 1031 719 τοὶ
1055 659 1120 720 κατ’
1142 679 1200 720 αο-

118 755 192 835 rusie
222 754 457 844 διοικήσασθαι.
504 758 606 823 ταῦτα
638 756 694 820 καί
721 765 789 830 τοῖς
819 751 1026 840 στρατιώταις
1052 763 1119 828 τοῖς
1139 757 1230 818 δοκεῖ’

99 858 348 944 5φολιίττοοσιν,
369 850 460 922 οδσιν
479 856 524 932 ὥς
545 858 722 940 δισχιλίοις,
743 857 778 920 ot
794 854 850 920 καί
869 853 1054 935 ἀμύνασθαι
1076 853 1207 918 ἐπιόντα

118 954 200 1041 πρός
218 979 254 1038 γε
273 954 308 1021 τό
330 957 525 1041 παραχρῆμα
546 953 665 1043 ρ’ρδίως
684 951 843 1038 ἠδύναντο
850 1004 861 1035 ,
883 951 1006 1020 ἔπεισεν
1028 951 1111 1034 δμοῦ
1129 950 1280 1025 ntis-Mn

119 1080 178 1131 τας
198 1059 336 1122 ἐκλιπεῖν
351 1055 546 1137 Ἐπιδαμνον,
567 1052 623 1120 καί
639 1056 740 1138 λέγων
760 1056 817 1118 καί
834 1050 1006 1139 ταράττων,
1022 1055 1078 1118 καί
1098 1049 1208 1138 φήμην

120 1150 174 1220 δεῖ
195 1151 308 1238 καινήν
328 1151 520 1239 πειρώμενος
539 1153 723 1236 ἐμβάλλειν,
756 1155 813 1218 καί
841 1149 890 1218 ὅτι
916 1158 1047 1236 βασιλεῖ
1064 1145 1208 1235 direptri-

118 1275 229 1319 σονται
246 1257 368 1332 μᾶλλον
386 1254 569 1337 ἀντιστῆναι
587 1255 742 1338 θέλοντες,
784 1251 842 1318 καί
867 1251 946 1338 πρὸς
967 1249 1023 1318 τδν
1049 1245 1207 1333 Βαλαμὴὲ

84 1375 180 1439 ιοροιι
210 1348 332 1429 adsitne
358 1355 555 1435 ἐπίστελλεν,
575 1353 625 1429 ὦς’
643 1349 741 1438 τάχος
771 1355 959 1436 ἐπείγεσθαι.
999 1348 1074 1416 ὅδὲ
1093 1349 1128 1416 sd
1149 1355 1209 1415 rud

118 1449 330 1535 Σιδιμοδνδοο
350 1454 480 1533 ἐπέμενε
501 1449 652 1537 δήλωμα,
682 1455 739 1517 καί
757 1451 815 1538 τὴν
835 1451 937 1518 orituri
958 1445 1102 1537 δδελφῆν
1124 1447 1286 1537 adurpv.55

118 1554 347 1637 κατεχομένην,
368 1553 403 1632 ἐξ
421 1544 459 1636 ἧς
482 1552 673 1638 ἐτελεύτησε.
717 1551 862 1640 φανερὰν
881 1555 990 1634 μέντοι
1019 1553 1077 1635 τῆς
1104 1551 1203 1613 καθί-

118 1653 202 1736 δρας
230 1648 394 1736 πρόφασιν
421 1651 556 1715 ἐποιεῖτο
583 1649 639 1736 τὴν
657 1655 715 1716 τοῦ
733 1647 929 1737 πρεσβειιτοῦ
948 1647 1035 1734 nupt
1056 1645 1203 1738 Ζὴνατνος

117 1745 231 1837 ἄφιξιν
263 1753 319 1814 καί
344 1748 381 1814 τδ
402 1745 579 1832 βούλεσθαι
608 1755 725 1832 μαθεῖν
746 1745 832 1826 ὅπως
852 1748 930 1836 πρὸς
957 1745 1053 1814 αὐτὸν
1074 1745 1142 1829 ἔχει
1162 1741 1202 1811 τδ

82 1852 157 1918 itta
173 1851 233 1914 ruri
250 1847 417 1931 βασιλέως.
439 1848 509 1914 ἐπεὶ
527 1839 564 1914 δὲ
583 1848 639 1934 τὴν
658 1848 801 1935 α’δελφῆνι
814 1852 873 1932 μὲν
885 1845 1110 1913 ἀποθανοῦσαν
1125 1843 1205 1911 ἔθα-

116 1967 191 2030 ψεν,
207 1945 249 2010 τοὶ
271 1949 308 2011 dl
326 1944 416 2031 nopai
438 1950 649 2029 Σιδιμοδνδοο
670 1948 828 2034 ἀπήντησε
848 1951 1012 2028 καλοῦντα,
1032 1941 1110 2027 πρὸς
1129 1941 1225 2018 rodet

111 2042 349 2130 Ἡρακλειώτας
365 2044 549 2123 ἐκλιπόντας
564 2051 625 2128 μὲν
638 2046 697 2131 τῆν
709 2043 810 2130 πόλιν,
831 2048 865 2122 ἐς
885 2046 1041 2133 φρούριον
1060 2046 1096 2109 δὲ
1113 2044 1207 2125 ἰσχν-

118 2143 179 2230 ρδν
199 2143 527 2226 α’νασκεοασαμένους,
548 2150 679 2227 πέμψας
698 2140 811 2234 ἀπῄτει
831 2153 919 2210 σῖτον
940 2141 1039 2209 πολύν
1059 2167 1130 2208 τινα
1151 2139 1209 2205 κατ’

119 2241 227 2326 οἶνον,
257 2238 344 2318 ὅπως
371 2246 417 2330 τῷ
445 2247 568 2333 στρατῷ
595 2243 802 2328 ἔχοιίίπιοδν
830 2244 956 2332 ἐφόδια.
998 2239 1027 2307 οἲ
1056 2243 1092 2306 δὲ
1113 2233 1211 2306 οὐδὲν

79 2341 248 2430 acepertus
266 2339 354 2430 αδτρλ
374 2339 535 2409 δύνασθαι
551 2390 560 2410 .
578 2388 593 2410 a
609 2389 620 2411 .
639 2345 697 2410 ,ἐν
713 2340 883 2421 τοσαδταις
903 2343 1036 2430 ἡμέραις
1056 2342 1232 2430 λέγοντεςρ
1264 2328 1270 2342 ’

117 2445 195 2508 δσον
226 2433 314 2522 εἶχον
340 2443 395 2506 tut
414 2444 558 2531 φρουρίῳ
578 2465 614 2526 ys
632 2446 737 2532 μικρῷ
758 2446 1009 2528 δεδαπανῆσθαι.
1030 2439 1049 2505 ὅ
1070 2441 1105 2506 δὲ
1125 2437 1212 2524 πρὸς

115 2536 216 2628 δργιὶν
234 2537 275 2606 sd
296 2545 429 2606 πλείστα
448 2543 505 2628 τῆς
524 2539 646 2619 πόλεως
665 2539 847 2651 ἐμπρήσας,
868 2536 996 2629 ἀνδρῶν
1014 2531 1111 2624 οὔσης
1131 2533 1207 2626 ἔρρ’-

191 2678 217 2732 3.
235 2674 366 2741 tesval,
379 2670 414 2729 tri
428 2677 500 2749 vulg.
553 2679 578 2750 4.
597 2692 691 2751 στρατ.
712 2680 807 2751 λέγων
825 2677 1007 2738 crescentii.

118 2781 275 2835 contenet:
291 2779 438 2834 barbarum
455 2784 529 2834 enim
546 2799 628 2852 quam
640 2786 756 2853 priunum
775 2783 954 2852 Epidamnum
968 2783 1147 2844 ,invasurum
1166 2777 1206 2831 sie

117 2853 200 2906 enim
217 2852 409 2921 Imperatorem
427 2851 586 2918 decrevisse,
607 2856 655 2924 qui
666 2853 701 2906 ad
712 2872 770 2907 eam
785 2871 841 2906 rem
857 2853 1059 2924 exsequendam
1069 2851 1207 2902 Adaman-

117 2925 194 2976 tium
211 2921 320 2975 miserit.
358 2923 455 2992 ltaque
472 2923 570 2974 melius
588 2941 645 2976 esse
662 2941 713 2993 per
731 2925 837 2986 otium,
865 2923 929 2976 dum
948 2923 1069 2975 nondum
1089 2920 1205 2983 adesset,

116 2993 205 3047 rebus
223 2995 279 3045 suis
297 2993 462 3062 prospicere.
498 2994 583 3045 Erant
599 3011 710 3065 quoque
729 2995 757 3045 in
779 3009 812 3044 ca
834 2991 902 3046 urbe
916 2997 950 3046 'in
987 2991 1112 3046 raesidiis
1130 2989 1206 3040 mill-

115 3073 180 3116 tum
200 3063 255 3116 duo
281 3061 378 3125 millia,
397 3063 445 3134 qui
464 3060 572 3114 barbari
591 3067 709 3134 primum
734 3066 866 3133 impetum
890 3011 1024 3134 repeliere
1042 3061 1204 3133 potuissent.

115 3135 170 3188 His
188 3149 301 3205 quoque
319 3133 435 3185 multum
454 3132 571 3185 dicendo
591 3143 620 3186 ct
642 3145 773 3188 terrorem
792 3135 942 3186 inliciendo
964 3141 992 3185 et
1010 3131 1135 3204 quotidie
1154 3145 1206 3182 no-

115 3223 168 3258 τοι
193 3220 314 3256 rrrmores
340 3203 492 3272 spargendo
518 3205 668 3272 persuasit,
696 3215 727 3256 ut
749 3205 846 3256 urbem
864 3203 1043 3272 Epidamnum
1070 3203 1207 3254 desertam

115 3277 319 3346 relinquerent.
354 3273 455 3325 Aiebat
474 3275 562 3336 enim,
582 3291 644 3338 eos,
662 3277 685 3327 si
704 3277 830 3328 resistere
846 3275 994 3338 auderent,
1012 3274 1096 3344 magia
1115 3273 1207 3340 lmpe-

116 3347 221 3399 tatoris
240 3345 378 3400 voluntati
400 3341 594 3396 adversaturos.
631 3345 695 3400 llox
741 3361 776 3396 uo
795 3347 911 3398 celerius
930 3341 1139 3398 Tbeuderichus
1160 3357 1207 3391 ao·

116 3417 252 3478 eederet,
270 3413 305 3466 ad
326 3431 388 3467 eum
404 3415 492 3466 misit:
520 3415 544 3464 is
559 3416 629 3470 circa
648 3365 803 3468 lleradleam
823 3415 997 3478 consederat,
1019 3423 1047 3467 et
1065 3413 1134 3484 quid
1152 3410 1207 3464 sibi

115 3486 215 3539 nuntii
228 3501 244 3534 n
255 3483 418 3538 Sidimundo
433 3484 553 3548 veniret,
572 3494 601 3536 et
614 3493 728 3556 propter
743 3485 868 3539 morbum
887 3486 1004 3547 sororis,-
1024 3501 1094 3557 quae
1112 3483 1206 3554 paullo

113 3565 185 3632 pust
207 3556 341 3620 decessit,
369 3555 550 3624 exspectabat
588 3555 659 3613 Suae
677 3565 769 3608 autem
788 3573 877 3609 morae
896 3571 1004 3608 causam
1023 3556 1113 3626 palam
1132 3555 1207 3624 lega-

113 3637 180 3680 turn
201 3641 261 3678 esse
280 3625 434 3685 simulavit,
454 3642 534 3694 quem
557 3625 671 3677 adeum
691 3629 762 3678 Zeno
781 3627 909 3687 miserat,
937 3627 1002 3698 quia
1021 3643 1053 3678 ex
1073 3641 1122 3688 eo,
1149 3641 1206 3698 quo
1293 3656 1295 3665 ·

113 3701 215 3750 animo
235 3695 265 3746 ln
283 3711 311 3746 se
329 3705 401 3748 esset
418 3696 582 3763 Imperator,
609 3697 770 3768 intelligere¹
792 3703 911 3765 cuperet.
949 3697 1005 3749 Nec
1024 3697 1110 3750 multo
1127 3705 1207 3766 post,

112 3786 181 3822 cum
203 3779 323 3818 sororem
342 3782 418 3818 suam
438 3775 572 3818 mortuam
590 3767 718 3830 efferret,
736 3784 751 3817 a
768 3763 930 3819 Sidimundu
948 3769 1060 3819 nuntius
1079 3767 1207 3829 occurrit,
1321 3816 1328 3832 ,

111 3843 168 3910 qui
190 3853 255 3888 cum
274 3845 426 3888 arcesseret
463 3837 532 3889 Turn
550 3835 586 3887 acl
605 3837 792 3897 Heracleotae,
811 3837 858 3908 qui
878 3833 973 3890 urbem
992 3839 1162 3910 reliquerant
1177 3843 1206 3889 et
1290 3825 1301 3840 ’

112 3910 197 3962 sein
216 3921 307 3956 arcem
328 3907 537 3960 munitissimam
555 3925 616 3959 rece
636 3916 731 3970 erant,
758 3907 835 3960 misit
863 3908 912 3977 qui
939 3915 1065 3978 peterent
1081 3923 1206 3976 magnam

109 3978 254 4032 frumenti
271 3976 326 4027 rim
345 3977 463 4038 etvini,
483 3985 514 4028 ut
534 3925 679 4031 discedens
698 3977 842 4041 viaticum,
862 3977 938 4048 quod
954 3978 1052 4032 alendo
1071 3979 1206 4031 exercitui

110 4049 270 4112 sufficeret,
288 4045 410 4099 haberet
447 4047 492 4098 llli
512 4057 603 4100 autern
622 4048 839 4119 responderunt,
858 4047 928 4100 nibil
942 4049 997 4102 sibi
1012 4057 1113 4102 restare
1131 4064 1206 4099 com-

108 4126 275 4181 meatuum,
295 4133 364 4190 qnus
382 4117 474 4185 largiri
491 4127 620 4186 possent,
639 4119 741 4171 etenim
762 4135 830 4190 quos
848 4118 1010 4174 habuissent
1035 4129 1079 4174 tot
1109 4118 1207 4172 diebus

109 4191 150 4248 ln
171 4203 253 4262 perro
275 4188 386 4244 rastello
404 4192 610 4264 consumpsisse.
647 4191 712 4245 Ille.
724 4189 764 4244 irs
786 4191 902 4258 exarsit,
919 4200 948 4246 et
964 4189 1058 4256 urbis,
1083 4205 1154 4264 quae
1171 4187 1207 4242 ab
