3050 4892
173 411 178 421 Ι
228 320 492 395 naciones
519 324 779 393 ausonensis
807 326 1004 393 eratum.
1068 276 1158 415 '59'3

50 488 143 548 'eius
159 485 351 569 'exscriptore
376 484 572 568 Nicephoro,
602 484 762 558 mendam,
794 486 943 569 geminata
1041 484 1159 551 librarii

72 570 268 631 dormitantis
286 569 454 630 socordiam
474 580 656 629 consonante
676 580 774 629 ortam
786 614 795 646 ,
808 590 963 653 expungen
985 588 1033 629 am
1054 587 1159 635 mone·

71 672 167 713 mus:
200 652 245 736 τῷ
276 642 344 713 ὄντι
369 645 430 731 γὰρ
457 646 513 711 τὸν
543 646 703 730 ἐθνάρχην
730 654 794 711 τῶν
823 650 978 728 Ἀβδελῶν
999 650 1099 755 (prul
1119 653 1157 737 δὴ

72 735 141 796 τιὸν
166 735 340 810 λεγομένοιν
375 730 581 815 Ἐφθοιλιτιῦν)
604 730 865 813 καταπολεμήσας
892 730 986 807 ου’τὸς
1008 756 1024 794 ο
1047 734 1160 815 Xayu'-

73 836 132 887 νος
148 806 281 897 lecitque,
295 812 350 896 τήν
364 836 397 877 τε
416 814 474 875 τοῦ
493 809 607 887 ἔθνους
627 811 729 897 α’ρχὴν
743 810 957 893 περιεβάλετοι
980 828 1011 879 et
1030 829 1160 903 utroque

76 900 281 983 antiquiorem
292 898 485 981 Procopium,
507 901 561 979 qui
573 898 642 957 libri
662 900 752 980 primi
775 898 966 960 Persicorum
987 902 1072 963 initio
1085 902 1160 966 haec

72 982 172 1043 habet
192 992 330 1042 anostro
349 984 488 1043 instituto
503 1002 565 1040 non
586 980 708 1041 aliena:
731 975 879 1059 Περόζης
903 978 920 1042 6
940 984 1079 1065 Περσῶν
1099 988 1160 1065 βα-

70 1060 184 1135 σιλεὺς
203 1059 284 1146 πρὸς
302 1059 338 1125 τὸ
363 1054 490 1126 otram
509 1064 571 1123 τῶν
587 1060 786 1145 Ἕφθαλιτῶν
806 1057 918 1141 ἔθνος,
946 1058 1063 1145 οὕσπερ
1086 1071 1160 1129 iev—
1202 1127 1209 1140 ,

75 1141 156 1217 κους
178 1141 386 1222 ὀνομάζουσι,
414 1139 551 1221 πόλεμον
570 1142 644 1223 περὶ
662 1144 720 1224 γῆς
740 1139 839 1224 ὄριύιν
861 1144 999 1229 διέφερε.
1039 1146 1160 1232 ‘lipsa-

71 1232 164 1290 λῖται
193 1226 229 1288 dd
262 1223 416 1289 Οὕννικόν
440 1226 501 1303 μὲν
526 1222 616 1298 ἔθνος
637 1226 704 1287 εἰσί
718 1246 751 1287 τε
765 1226 828 1289 ,καί
850 1223 1077 1305 ὀνομάζονται·
1119 1222 1158 1295 οὗ

76 1310 187 1389 μέντοι
222 1302 447 1389 οἷναμιχνυνται
474 1300 496 1389 'l
524 1304 790 1391 ἓπιχωριάζουσιν
824 1298 954 1371 Ὀὕννων
984 1309 1088 1392 τισίν,
1114 1305 1159 1377 ὧν

69 1391 169 1473 ἡμεῖς
188 1386 288 1468 ἴσμεν.
329 1388 399 1453 ἐπεὶ
418 1388 492 1453 οὐδὲ
510 1385 620 1472 χώραν
641 1389 749 1451 αὐτῶν
769 1383 886 1473 ὅμορον
906 1388 1052 1473 ἔχουσιν,
1084 1394 1160 1460 addi

75 1498 124 1555 πη
145 1466 249 1536 αὐτῶν
268 1464 403 1553 ἄγχιστα
424 1464 576 1558 pinquat,
609 1469 688 1533 α’λλοὶ
710 1476 915 1553 προσοικοῦσι
935 1476 1160 1559 μὲνΠέρσαις

64 1552 158 1637 πρὸς
187 1554 309 1639 βορρᾶν
330 1547 446 1635 ἄνεμον
466 1568 544 1631 etc,
574 1558 606 1617 in
628 1558 738 1639 quibus
767 1560 870 1641 Gorgo
901 1558 1013 1620 dictam
1034 1560 1158 1625 illorum

76 1642 235 1701 civitatem
263 1644 388 1714 asserit,
415 1659 515 1721 neque
540 1660 625 1699 more
650 1639 779 1699 aliorum
810 1642 1011 1719 Hunnorum,
1036 1648 1159 1709 mutatis

73 1727 109 1783 in
131 1722 195 1783 dies
213 1722 349 1797 sedibus,
372 1744 409 1783 va
450 1724 499 1799 ri,
522 1723 574 1783 sed
596 1720 715 1782 civilem
737 1722 907 1783 societatem
929 1724 1044 1807 legibus
1065 1732 1158 1809 tueri,

73 1807 201 1887 suisque
229 1806 350 1887 regibus
380 1744 505 1882 subiici,
533 1826 611 1887 quae
638 1806 797 1865 maximam
828 1818 943 1887 partem
972 1810 1003 1869 in
1025 1808 1160 1879 codicem

72 1910 150 1950 suae
169 1888 373 1949 Bibliothecae
390 1888 442 1949 63.
461 1888 566 1949 retulit
584 1888 712 1948 Photius
733 1888 910 1949 Patriarcha
922 1890 985 1952 ΟΡ.

160 1972 238 2053 Peg.
262 1991 312 2032 aa.
334 1972 369 2031 B.
385 1968 486 2053 [485,
512 1970 557 2053 2.]
593 1970 734 2031 Pero-sem
761 1985 791 2030 et
814 1972 922 2033 Persas
941 1994 1006 2035 cum
1031 1976 1157 2038 vicisset.

76 2054 215 2115 Permus
233 2057 297 2116 sive
314 2052 465 2131 Perozes,
489 2074 564 2115 avus
585 2054 686 2136 magni
714 2052 892 2131 Cbosroae,
918 2057 1062 2139 regnabat
1080 2060 1159 2119 Leo-

72 2138 126 2197 nis
154 2136 298 2198 Macellae
326 2147 484 2219 tempore,
512 2148 550 2199 nt
581 2135 747 2219 isdigerdes
774 2148 805 2197 et
834 2138 970 2199 Varanea
993 2142 1160 2222 imperante

74 2220 254 2281 Theodosio
278 2222 410 2281 luniorc.
449 2218 530 2281 Vide
561 2231 681 2302 practer
711 2221 837 2281 citatum
860 2240 930 2282 mox
954 2222 1158 2307 Procopium,

72 2304 216 2364 Priscum
239 2324 308 2389 pag.
331 2302 382 2387 75.
408 2312 439 2364 et
454 2304 657 2365 Menandrum
679 2302 883 2365 Pmtectorem
903 2326 972 2389 pag.
995 2306 1064 2387 146.
1093 2308 1158 2369 edi·

71 2388 168 2447 tionis
238 2388 294 2447 ‘aei

161 2406 299 2551 ΡᾙΙαα.
309 2470 344 2530 Β.
356 2467 443 2550 [486
455 2468 500 2553 n]
511 2469 707 2529 Zemarrlums
724 2468 771 2529 ad
794 2470 902 2539 llutos
919 2471 1044 2554 legatam·
1061 2476 1159 2535 mittit.

71 2550 155 2611 Cilix
176 2574 284 2635 genere
306 2553 385 2631 fuit,
409 2562 485 2613 teste
502 2552 670 2612 Menandro
693 2574 762 2635 pag.
788 2553 855 2613 151.
872 2554 943 2618 edit.
962 2559 1070 2639 regiae.
1110 2558 1158 2618 De

74 2644 237 2715 tempore,
262 2656 323 2717 quo
343 2636 452 2718 legatio
474 2636 531 2695 ista
545 2636 693 2717 contigit,
719 2636 848 2696 dubium
871 2658 934 2697 esse
962 2650 1078 2721 potest,
1105 2640 1158 2701 sed

71 2718 167 2777 unius
180 2717 326 2781 duntarat
344 2718 424 2782 anni.
446 2718 508 2795 Qui
522 2738 602 2777 anno
624 2718 730 2777 lustini
743 2730 852 2799 quarto
866 2718 993 2801 illigant,
1017 2722 1162 2784 mendum

73 2801 230 2881 irrepsisse
244 2812 352 2884 putant
372 2804 404 2860 in
421 2800 593 2860 indictionis
614 2808 740 2876 notam,
770 2812 800 2860 et
827 2822 884 2882 pro
904 2802 1039 2887 δευτέρῳ
1056 2802 1160 2885 legen-

71 2884 152 2943 dum
169 2885 313 2944 edicuntc
343 2882 437 2969 τρίτρν
457 2883 593 2965 ἐνιαυτῷ
611 2883 666 2961 τῆς
686 2882 1048 2964 ιτεντεκαιὸεκαετηρίδος
1068 2906 1193 2967 nepe-p,
1218 2911 1264 2967 „3

73 2967 189 3049 φορᾶς.
230 2968 292 3045 Qui
314 2988 390 3026 vero
423 2966 453 3027 in
475 2964 703 3046 praecedentem
736 2986 851 3027 annum
877 2968 1000 3027 reiicere
1028 2966 1160 3051 malunt,

72 3070 136 3131 pro
157 3044 305 3127 τέταρτον
326 3043 413 3125 ἔτος,
433 3048 516 3131 quod
542 3068 610 3108 mox
637 3046 795 3129 sequitur,
822 3048 1015 3131 procliviori,
1040 3051 1080 3111 ita
1110 3074 1161 3112 me

73 3134 162 3192 Deus
174 3142 266 3208 amet,
285 3134 470 3192 correctione
490 3130 675 3191 substituunt
694 3128 808 3207 τρίτον.
829 3134 930 3211 Quam
957 3134 1161 3195 coniecturam

73 3224 212 3275 nostram
227 3216 289 3275 suis
311 3215 502 3297 postmodum
523 3219 553 3273 in
565 3213 641 3273 Cbr.
663 3232 761 3275 novae
778 3214 892 3276 Romae
911 3218 1070 3277 momentis
1093 3238 1163 3277 exa·

73 3295 270 3363 minabimus.
312 3298 449 3360 Alteram
470 3296 510 3357 ad
533 3298 650 3357 Turcos
677 3296 856 3377 legationem
884 3300 1074 3381 consignaret
1096 3302 1163 3361 Me·

71 3379 195 3443 nander
212 3380 299 3440 Prot.
316 3380 395 3441 libro
414 3378 456 3454 8.,
482 3390 518 3439 ut
535 3401 570 3441 ex
601 3382 664 3439 cius
681 3379 837 3461 Excerptis
859 3379 1002 3441 discimus
1018 3403 1057 3463 pa
1080 3426 1088 3443 .
1108 3382 1160 3445 61.

70 3476 106 3525 et
128 3464 331 3545 sequentibus.
373 3462 574 3523 Zemarchum
592 3462 741 3523 Comitem
761 3462 896 3525 Orientis
913 3462 1033 3525 exhibet
1057 3404 1195 3553 ἧσο-ρ
1213 3516 1265 3555 m

72 3545 192 3631 phanes
212 3548 251 3607 ad
271 3568 385 3607 anunm
409 3546 564 3607 Iustiniani
596 3546 671 3627 lmp.
699 3544 779 3624 54:
821 3545 995 3623 συνέβαλον
1014 3548 1081 3608 κατ’
1103 3546 1160 3609 dl·
1196 3540 1202 3555 ⁸

72 3628 181 3708 λη’λιον
200 3623 229 3689 οἱ
252 3626 420 3705 ὀρθόδοξοι
439 3626 495 3688 καί
506 3626 706 3709 Σεβρριανοῖ,
725 3624 906 3689 rainelini
926 3623 1018 3709 φόνοι
1031 3626 1160 3711 γεγόνοι-

72 3732 150 3788 σιν,
180 3712 236 3771 καί
262 3711 448 3781 ἀποστείλας
474 3707 492 3769 d
521 3704 670 3789 βασιλευς
694 3702 870 3791 Ζὴμαρχον
891 3705 945 3772 τὸν
966 3703 1083 3791 κόμητα
1103 3714 1162 3795 τῆς

73 3788 230 3872 ἀνατολῆς
250 3790 386 3855 ἐκώλυσε
407 3788 480 3865 τοὺς
500 3787 669 3865 οἷτάκτουςτ
692 3815 770 3875 quae
783 3796 825 3855 sic
841 3794 948 3854 Latine
961 3794 1061 3857 reddit
1076 3796 1163 3857 Ana·
1248 3858 1251 3865 ,

73 3880 187 3939 stasius
209 3876 457 3937 Bibliothecarins
471 3898 540 3957 pag.
555 3874 606 3936 66.
630 3876 770 3937 editionis
790 3880 913 3959 regiae:
936 3882 1082 3959 congressi
1097 3890 1164 3940 swit

73 3960 219 4021 adversm
233 3962 405 4020 alterutrum
423 3958 596 4019 Ortlrodoxi
610 3972 639 4019 et
652 3959 825 4041 Severiani,
842 3972 871 4019 et
889 3960 981 4019 multa
1003 3962 1163 4023 homicidia

59 4048 159 4125 sacta
175 4046 253 4121 ssent,
278 4056 307 4101 et
332 4046 419 4104 misso
437 4041 608 4127 Imperator
627 4042 799 4117 zimarcho,
826 4042 937 4105 Comt'te
957 4042 1098 4120 Orientis,
1114 4044 1163 4105 ln·

73 4128 171 4187 dibirit
195 4126 387 4186 irmrdinatos.
431 4125 655 4207 cogitandum,
676 4146 716 4185 an
734 4126 814 4184 idem
829 4127 868 4186 sit
884 4146 955 4187 cum
972 4124 1030 4188 hoc
1049 4139 1164 4191 nostro·

75 4213 170 4271 Certe
188 4220 219 4269 et
238 4209 290 4270 hic
310 4220 341 4268 et
360 4208 413 4270 illc
432 4208 571 4269 diversus
590 4218 636 4269 cst
655 4208 694 4269 ab
715 4207 831 4287 altero,
853 4210 939 4269 cuius
957 4210 1093 4271 meminit
1116 4208 1163 4271 his

113 4326 276 4395 Dexippus,
294 4325 444 4393 Ειιααμιιιι
461 4335 513 4381 etc.
935 4324 968 4376 ³8
