3050 4892
460 296 486 357 a
511 291 668 359 umcnr
694 294 899 361 ursnoau.
1134 269 1218 357 255

130 439 173 510 od
203 446 266 531 γὰρ
295 437 336 511 όν
366 447 544 530 δυνηθῆναι
570 445 628 532 την
652 430 819 530 Ῥωμαίων
839 445 884 525 εἷς
902 443 992 528 τέλος
1009 449 1354 546 όπορβόλλεινλ.ΰ.479

130 555 231 632 χεῖρα
249 542 453 627 πανταχόθεν
476 545 708 632 ἐφεστηκότων.
729 551 796 613 δεῖν
816 539 889 630 σόν,
912 551 941 614 εἰ
962 527 1050 638 adalgi
1067 541 1313 636 neruum,¹¹1l·²

131 649 271 710 ἐκλιπεῖν
282 647 343 725 μὲν
361 640 419 727 τόν
430 639 583 729 Ἤπειρον
600 647 657 710 καί
673 643 731 721 τοὶς
745 648 862 711 αότόθι
881 646 996 730 πόλεις,
1018 651 1140 736 (calderi
1158 649 1220 738 γὰρ
1231 611 1356 670 Zem'ss

132 741 216 810 εἶναι
236 742 375 830 φορητόν
386 742 492 820 πόλεις
513 738 594 809 οότω
613 745 763 830 μεγάλας,
785 748 848 812 τοόν
865 743 1035 832 οἰκητόρων
1055 749 1222 834 ἐκβληθέν-

113 850 207 921 ὄτων,
227 839 281 906 ἐπ’
302 835 403 904 αότοῦ
422 843 638 931 κατέχεσθαι,)
669 842 777 908 ἐλθεῖν
808 846 844 908 di
872 847 918 920 εἷς
935 842 992 929 τήν
1012 847 1199 932 Δαρδανίαν
1212 861 1249 930 ,Β

133 945 171 1007 ἐν
191 935 212 1028 ᾗ
230 940 344 1026 χώραν
363 935 447 1006 εἶναι
465 938 583 1026 πολλήν
601 939 692 1025 παρὰ
711 937 752 1005 τό
775 941 954 1024 οἰκούμενα,
976 944 1072 1030 καλὴν
1090 949 1150 1025 μὲν
1169 950 1297 1040 xoiv‚57

132 1033 276 1124 εόγειον,
298 1040 446 1122 iudiciali
467 1037 660 1124 οἰκητόρων,
687 1036 728 1124 ἢν
749 1037 883 1106 δύναται
902 1045 1050 1124 γεωργοῖν
1070 1045 1105 1108 ἐν
1126 1048 1225 1111 πᾶσιν

134 1137 290 1225 ἀφθόνοις
311 1135 411 1203 αὑτοῦ
431 1137 487 1221 τὴν
508 1141 677 1222 στρατείαν
696 1141 823 1222 διάγειν.
852 1138 928 1208 ddi
948 1141 1143 1228 Θευόόριχος
1165 1139 1225 1208 αό-

132 1235 188 1314 τός
224 1242 284 1319 μὲν
315 1238 461 1318 ἐπώμνυε
494 1243 597 1303 ταῦτα
627 1235 821 1321 βούλεσθαι,
855 1238 894 1303 od
921 1241 1032 1322 μέντοι
1050 1241 1224 1320 ἀνέξεσθαι

96 1332 239 1406 ιοαότοῦ
257 1333 294 1401 τό
315 1341 452 1422 πλῆθος,
473 1335 574 1402 πολλὰ
592 1340 653 1418 μὲν
671 1335 1029 1424 προτεταλαιπωρηκός,
1060 1335 1154 1422 μόλις
1184 1343 1224 1407 δέ

133 1434 345 1510 οἷναπαόσεως
364 1439 423 1500 νόν
443 1435 689 1518 ἐπιλαβόμενον·
709 1433 766 1512 σός
787 1439 828 1500 ου’
847 1436 1011 1503 όόνωσθαι
1030 1436 1126 1524 μήπω
1145 1439 1224 1504 οἰνα-

131 1531 332 1610 πνεόσαντας
361 1525 448 1617 ἄγειν
467 1535 596 1620 μακρόν
617 1529 702 1599 οότω
722 1535 863 1620 πορείαν.
906 1535 987 1600 ἀλλὰ
1007 1539 1064 1603 νῦν
1082 1540 1143 1619 μὲν
1163 1541 1225 1603 αό-

134 1631 212 1709 τοός
246 1635 302 1720 ἐρῑν
329 1631 431 1697 αότοό
458 1633 682 1715 ἐπιχειμόσαι,
715 1636 797 1717 μήτε
823 1631 933 1720 πρόσω
964 1639 1148 1720 χωροῦντας
1177 1631 1224 1704 ὧν

131 1729 244 1814 ἔχουσι
263 1728 393 1812 πόλεων,
412 1727 489 1815 μήτε
509 1731 762 1818 ἐπιφθείροντας·
783 1736 976 1814 συνθέμενον
996 1739 1032 1800 δὲ
1052 1739 1127 1819 περὶ
1143 1735 1252 1812 noir-c
1296 1745 1302 1752 '
1360 1735 1365 1743 ¹

95 1833 268 1900 15τῶνέπί
284 1827 408 1905 τοότοις
428 1827 496 1909 ἅμα
515 1835 559 1918 τῷ
578 1825 635 1915 ἤρι
654 1832 781 1912 πέμψαι
799 1829 854 1895 τόν
869 1826 982 1909 α”ξοντα
999 1835 1054 1898 ἐπὶ
1065 1831 1123 1918 την
1138 1840 1226 1920 Δαρ-

131 1930 270 2010 δανίαν,
291 1926 396 2011 ἕμβως
417 1927 736 2014 ἐπακολουθήσαντας.
781 1925 866 2013 ἔλεγε
894 1931 940 2012 di,
962 1930 1005 2006 οός
1028 1935 1151 2012 ἕτοιμος
1177 1931 1226 2017 εἴη

129 2029 192 2114 τὴν
224 2030 327 2095 edroi
355 2027 554 2114 κατασκευὴν
581 2031 640 2093 καὶ
665 2029 701 2094 τὸ
722 2020 851 2110 ἄμαχον
870 2032 992 2113 πλῆθος
1013 2033 1227 2112 καταθέμεόος

132 2133 168 2196 ἐν
187 2129 293 2210 πόλει,
314 2122 338 2216 ᾗ
359 2126 504 2211 βούλοιτο
523 2128 690 2210 βασιλεός,
709 2131 767 2192 καί
794 2125 934 2212 όμηρους
962 2126 1141 2214 παρασχόν
1170 2132 1227 2213 τῆς

132 2225 260 2314 ὁπόσης
281 2229 416 2303 πίστεως
436 2226 493 2312 τήν
512 2251 547 2290 τε
566 2230 691 2314 μητέρα
711 2229 767 2292 καί
787 2225 947 2313 α’δελφὴν,
964 2223 1046 2308 μετό
1066 2222 1226 2312 ἑξακισχι-

92 2327 215 2392 notator
239 2330 304 2392 τῶν
331 2325 471 2408 μάλιστα
503 2329 655 2409 μαχίμων
675 2329 780 2392 ἐλθεῖν
801 2323 846 2401 ὥς
865 2322 1001 2408 τάχιστα
1023 2327 1056 2402 ἐς
1079 2324 1224 2416 Θρᾴκην·

133 2425 194 2492 καὶ
212 2427 443 2508 ὑπισχνεῖσθαι
462 2425 522 2492 σόν
542 2423 664 2501 τούτοις
684 2426 821 2501 καὶτοῖς
840 2411 1226 2511 Ἰλλυριοῖςστρατιοόταις

207 2542 231 2605 4.
251 2537 444 2604 ἐκβληθέντων
460 2537 509 2601 λλ,
527 2535 707 2590 deludimur
723 2535 796 2604 vulg.
844 2536 882 2588 13.
900 2521 942 2588 alr
959 2533 1023 2592 add.
1040 2535 1073 2588 ll.
1111 2535 1150 2603 rd-
1167 2537 1226 2606 pui-

203 2620 235 2658 τε
251 2625 280 2658 τι
296 2611 394 2678 (pieta.
415 2607 449 2659 N.
495 2609 671 2678 συνθέμενος
687 2606 758 2674 vulg.
814 2605 852 2658 ro.
878 2602 997 2676 ἑτοίμως
1016 2606 1087 2656 coni.
1111 2609 1157 2669 u,
1175 2623 1225 2677 pro

206 2677 296 2746 ἔμβως
312 2679 447 2735 ἐπιεικῶς
472 2677 521 2744 N.;
551 2677 586 2731 of.
608 2679 670 2748 ²47·
693 2694 740 2739 n,
760 2673 793 2728 ἐκ
814 2665 906 2736 ποδός
928 2673 1095 2745 Schopenus.
1119 2675 1226 2730 ἐπακο-

208 2747 404 2814 λουθήσαντας
420 2748 492 2816 vulg.

136 2849 201 2905 tur,
220 2841 243 2892 si
257 2858 284 2893 se
300 2844 409 2906 audiat,
427 2842 511 2910 Epiro
530 2847 559 2891 et
576 2841 636 2892 eius
649 2839 769 2909 regionis
793 2839 910 2891 urbibus
937 2835 1041 2891 cedere.
1077 2838 1133 2892 Nec
1151 2843 1226 2894 enim

134 2913 198 2964 ullo
216 2911 295 2963 modo
312 2912 463 2975 serendum,
481 2919 537 2963 tam
553 2927 663 2981 magnas
681 2909 772 2972 urbes,
790 2911 910 2980 expulsis
928 2909 1034 2973 Incolis,
1046 2920 1108 2960 eum
1123 2919 1224 2964 tenere.

133 2982 228 3036 Abeat
245 2985 329 3054 igitur
350 2985 380 3036 in
397 2981 578 3044 Dardaniam,
607 2981 656 3032 ubi
676 2980 749 3050 regio
769 2981 805 3032 sit
823 2989 933 3050 praeter
951 2997 1027 3044 eam,
1057 2997 1126 3050 quae
1144 2979 1226 3034 laabi-

135 3063 228 3118 tatur,
255 3055 362 3122 ampla,
390 3068 503 3105 amoena
529 3062 558 3103 et
575 3050 689 3116 fertilis,
717 3067 788 3120 quae
814 3050 912 3103 incolis
936 3050 1074 3120 indigem
1099 3065 1179 3121 quam
1201 3055 1225 3104 si

135 3126 225 3188 colat,
252 3127 376 3177 omnium
396 3139 485 3176 rerum
505 3121 674 3173 abundantia
693 3122 842 3174 exercitum
865 3138 946 3174 suurn
968 3121 1042 3172 alere
1063 3126 1091 3170 ct
1115 3131 1224 3172 susten-

134 3204 196 3248 tare
216 3195 312 3265 possit
349 3191 556 3247 'Ibeuderichus
582 3192 758 3244 iureiurando
788 3193 947 3255 affirmavit,
979 3189 1010 3243 id
1032 3187 1143 3260 quidem
1169 3193 1225 3246 sibi

133 3265 215 3319 cordi
243 3281 317 3318 esse:
341 3265 391 3316 red
414 3267 563 3318 exercitum
588 3278 667 3315 suum
692 3263 887 3315 reluctaturum
913 3279 988 3326 csse,
1015 3260 1064 3330 qul
1087 3267 1130 3312 tot
1153 3263 1224 3314 mala

156 3353 298 3406 erpessus,
316 3337 362 3386 vix
380 3351 454 3385 nunc
471 3335 566 3406 quiete
584 3333 729 3385 frueretur.
766 3335 840 3387 Fieri
859 3335 932 3386 enlm
950 3348 1005 3383 non
1017 3345 1112 3399 posse,
1129 3335 1224 3386 ulmi-

133 3354 216 3469 lites,
244 3406 366 3458 nondum
384 3423 400 3457 a
417 3404 558 3457 laboribus
577 3405 756 3473 respirantes,
782 3411 889 3455 tantum
912 3401 1021 3456 itineris
1049 3400 1220 3456 ducerentur.

131 3477 193 3530 Sed
210 3486 339 3544 oportere
366 3476 440 3546 ipsos
466 3477 554 3527 sinere
579 3477 610 3527 in
635 3473 678 3526 his
703 3475 770 3526 locis
793 3474 914 3526 hiemare
939 3489 971 3524 ea
990 3469 1164 3538 conditione,
1190 3483 1221 3526 ut

131 3566 194 3600 non
213 3547 284 3598 ultra
302 3548 332 3598 in
350 3546 489 3599 tentandis
508 3543 625 3596 urbibna
644 3543 722 3608 aliis,
748 3561 828 3614 quam
847 3559 914 3615 quas
931 3542 1080 3608 haberent,
1105 3551 1152 3596 aut
1169 3558 1221 3616 po-

128 3617 327 3689 pulationibus
353 3617 485 3668 faciendis
509 3616 745 3685 progrederentur.
783 3613 893 3683 Quibus
921 3615 961 3667 ita
986 3613 1158 3682 compositis,
1185 3617 1220 3668 ab

129 3691 174 3742 Im
199 3694 306 3738 emtore
325 3688 425 3756 petiit,
458 3696 490 3740 ut
516 3689 629 3738 incunte
647 3701 709 3737 vere
736 3685 843 3747 virum,
866 3685 915 3754 qui
938 3699 983 3737 eos
1007 3682 1037 3735 in
1054 3685 1220 3737 Dardaniam

129 3705 295 3820 deduceret,
311 3760 448 3824 mitterct3
469 3761 542 3826 Ipsos
563 3759 635 3807 enim
652 3753 774 3807 libenter
792 3763 932 3807 secrrturos
951 3771 1017 3808 esse.
1053 3755 1176 3821 Addidit,
1191 3773 1220 3810 se

131 3845 243 3884 omnem
265 3844 341 3879 suurn
360 3837 519 3899 apparatum
537 3825 667 3878 bellicum
685 3833 714 3877 ct
731 3841 838 3877 omnem
857 3825 995 3879 imbellem
1014 3826 1123 3880 turbam
1141 3845 1221 3896 para·

129 3909 272 3952 tamesae
303 3898 489 3961 incumbe,
517 3914 599 3970 quarn
619 3899 770 3965 Imperator
804 3897 1022 3966 praescripserit,
1053 3898 1219 3968 relinquare.

131 3969 220 4036 Quin,
237 3977 325 4021 matre
343 3987 454 4042 quoque
473 3975 502 4021 et
519 3985 612 4020 sorore
629 3966 664 4028 ad
685 3965 766 4019 lidcrn
785 3967 995 4020 confirmandam
1013 3967 1156 4021 obsidibus
1171 3965 1222 4020 da·

131 4043 182 4100 tis,
207 4057 236 4092 ae
258 4043 347 4109 ipsum
368 4039 511 4092 Thraciam
537 4057 597 4090 cum
622 4055 669 4090 sex
694 4036 836 4089 homiuum
862 4037 1069 4090 fortissimorum
1097 4037 1221 4092 millibus

135 4127 218 4178 quam
244 4112 387 4162 celerrime
411 4111 570 4178 petiturum.
607 4110 676 4162 Cum
695 4108 738 4160 his
757 4116 786 4159 ct
805 4109 920 4174 Illyricis
941 4109 1078 4162 militibus
1098 4119 1126 4160 et
1143 4109 1221 4171 allii,

133 4197 205 4250 quos
222 4181 389 4252 Imperatori
405 4182 515 4234 mittere
532 4181 683 4251 placuerit,
706 4195 735 4230 ae
754 4187 812 4232 tota
831 4179 948 4234 Thracia
967 4179 1073 4236 Gothos
1093 4181 1222 4233 extermi-

725 4439 731 4468 l
