<?xml version="1.0" encoding="UTF-8"?>
<!DOCTYPE html PUBLIC "-//W3C//DTD XHTML 1.0 Transitional//EN"
    "http://www.w3.org/TR/xhtml1/DTD/xhtml1-transitional.dtd">
<html xmlns="http://www.w3.org/1999/xhtml" xml:lang="en" lang="en">
 <head>
  <title>
</title>
<meta http-equiv="Content-Type" content="text/html;charset=utf-8" />
  <meta name='ocr-system' content='tesseract 3.04.00' />
  <meta name='ocr-capabilities' content='ocr_page ocr_carea ocr_par ocr_line ocrx_word'/>
</head>
<body>
  <div class='ocr_page' id='page_1' title='image "./corpusscriptoru41niebgoog/corpusscriptoru41niebgoog_0034.png"; bbox 0 0 3050 4892; ppageno 0'>
   <div class='ocr_carea' id='block_1_1' title="bbox 288 300 954 370">
    <p class='ocr_par' dir='ltr' id='par_1_1' title="bbox 288 300 954 370">
     <span class='ocr_line' id='line_1_1' title="bbox 288 300 954 370; baseline -0.003 0"><span class='ocrx_word' id='word_1_1' title='bbox 288 307 371 370; x_wconf 78' lang='lat' dir='ltr'><strong>XXX</strong></span> <span class='ocrx_word' id='word_1_2' title='bbox 691 302 746 370; x_wconf 85' lang='lat' dir='ltr'><strong>DE</strong></span> <span class='ocrx_word' id='word_1_3' title='bbox 772 300 954 370; x_wconf 68' lang='lat' dir='ltr'><strong>muno.</strong></span> 
     </span>
    </p>
   </div>
   <div class='ocr_carea' id='block_1_2' title="bbox 201 455 1439 3418">
    <p class='ocr_par' dir='ltr' id='par_1_2' title="bbox 201 455 1439 3418">
     <span class='ocr_line' id='line_1_2' title="bbox 373 455 1364 547; baseline 0.002 -21"><span class='ocrx_word' id='word_1_4' title='bbox 373 459 594 543; x_wconf 83' lang='lat' dir='ltr'><strong>MALCHUS,</strong></span> <span class='ocrx_word' id='word_1_5' title='bbox 623 455 909 544; x_wconf 84' lang='lat' dir='ltr'><strong>Philadelpbiensis,</strong></span> <span class='ocrx_word' id='word_1_6' title='bbox 932 485 968 525; x_wconf 89' lang='lat' dir='ltr'><strong>ex</strong></span> <span class='ocrx_word' id='word_1_7' title='bbox 988 460 1040 525; x_wconf 81' lang='lat' dir='ltr'><strong>illa</strong></span> <span class='ocrx_word' id='word_1_8' title='bbox 1056 460 1266 546; x_wconf 82' lang='lat' dir='ltr'><strong>Philadelphia</strong></span> <span class='ocrx_word' id='word_1_9' title='bbox 1285 481 1364 547; x_wconf 83' lang='lat' dir='ltr'><strong>quae</strong></span> 
     </span>
     <span class='ocr_line' id='line_1_3' title="bbox 285 563 1365 646; baseline -0.004 -19"><span class='ocrx_word' id='word_1_10' title='bbox 285 566 321 628; x_wconf 84' lang='lat' dir='ltr'><strong>in</strong></span> <span class='ocrx_word' id='word_1_11' title='bbox 341 565 510 626; x_wconf 75' lang='lat' dir='ltr'><strong>Palaestina</strong></span> <span class='ocrx_word' id='word_1_12' title='bbox 529 573 593 641; x_wconf 88' lang='lat' dir='ltr'><strong>est,</strong></span> <span class='ocrx_word' id='word_1_13' title='bbox 613 573 649 622; x_wconf 91' lang='lat' dir='ltr'><strong>ut</strong></span> <span class='ocrx_word' id='word_1_14' title='bbox 663 573 742 622; x_wconf 86' lang='lat' dir='ltr'><strong>recte</strong></span> <span class='ocrx_word' id='word_1_15' title='bbox 763 583 782 622; x_wconf 90' lang='lat' dir='ltr'><strong>e</strong></span> <span class='ocrx_word' id='word_1_16' title='bbox 800 564 922 624; x_wconf 83' lang='lat' dir='ltr'><strong>nornine</strong></span> <span class='ocrx_word' id='word_1_17' title='bbox 940 566 998 625; x_wconf 86' lang='lat' dir='ltr'><strong>viri</strong></span> <span class='ocrx_word' id='word_1_18' title='bbox 1011 563 1144 645; x_wconf 84' lang='lat' dir='ltr'><strong>Syriaco,</strong></span> <span class='ocrx_word' id='word_1_19' title='bbox 1162 585 1257 645; x_wconf 83' lang='lat' dir='ltr'><strong>quma</strong></span> <span class='ocrx_word' id='word_1_20' title='bbox 1276 563 1365 646; x_wconf 78' lang='lat' dir='ltr'><strong>plura</strong></span> 
     </span>
     <span class='ocr_line' id='line_1_4' title="bbox 284 661 1365 744; baseline -0.001 -18"><span class='ocrx_word' id='word_1_21' title='bbox 284 667 330 727; x_wconf 88' lang='lat' dir='ltr'><strong>ita</strong></span> <span class='ocrx_word' id='word_1_22' title='bbox 349 675 531 726; x_wconf 86' lang='lat' dir='ltr'><strong>vocarentur</strong></span> <span class='ocrx_word' id='word_1_23' title='bbox 552 661 683 744; x_wconf 87' lang='lat' dir='ltr'><strong>oppida,</strong></span> <span class='ocrx_word' id='word_1_24' title='bbox 703 661 795 722; x_wconf 84' lang='lat' dir='ltr'><strong>infert</strong></span> <span class='ocrx_word' id='word_1_25' title='bbox 812 661 990 741; x_wconf 81' lang='lat' dir='ltr'><strong>Fabricius,</strong></span> <span class='ocrx_word' id='word_1_26' title='bbox 1011 662 1173 744; x_wconf 73' lang='lat' dir='ltr'><strong>sophistam</strong></span> <span class='ocrx_word' id='word_1_27' title='bbox 1193 664 1365 726; x_wconf 83' lang='lat' dir='ltr'><strong>Constanti·</strong></span> 
     </span>
     <span class='ocr_line' id='line_1_5' title="bbox 283 760 1362 846; baseline -0.003 -20"><span class='ocrx_word' id='word_1_28' title='bbox 283 764 388 846; x_wconf 86' lang='lat' dir='ltr'><strong>nopoli</strong></span> <span class='ocrx_word' id='word_1_29' title='bbox 419 767 479 846; x_wconf 82' lang='lat' dir='ltr'><strong>egit</strong></span> <span class='ocrx_word' id='word_1_30' title='bbox 492 763 545 840; x_wconf 80' lang='lat'>⁴⁰).</span> <span class='ocrx_word' id='word_1_31' title='bbox 587 762 662 822; x_wconf 89' lang='lat' dir='ltr'><strong>Eius</strong></span> <span class='ocrx_word' id='word_1_32' title='bbox 685 760 863 840; x_wconf 85' lang='lat' dir='ltr'><strong>historiam,</strong></span> <span class='ocrx_word' id='word_1_33' title='bbox 897 783 957 844; x_wconf 87' lang='lat' dir='ltr'><strong>qua</strong></span> <span class='ocrx_word' id='word_1_34' title='bbox 985 761 1124 824; x_wconf 89' lang='lat' dir='ltr'><strong>Priscum</strong></span> <span class='ocrx_word' id='word_1_35' title='bbox 1152 766 1362 838; x_wconf 84' lang='lat' dir='ltr'><strong>continuavit,</strong></span> 
     </span>
     <span class='ocr_line' id='line_1_6' title="bbox 283 861 1363 946; baseline -0.002 -22"><span class='ocrx_word' id='word_1_36' title='bbox 283 864 324 924; x_wconf 87' lang='lat' dir='ltr'><strong>ab</strong></span> <span class='ocrx_word' id='word_1_37' title='bbox 345 886 373 924; x_wconf 89' lang='lat' dir='ltr'><strong>s.</strong></span> <span class='ocrx_word' id='word_1_38' title='bbox 396 863 468 946; x_wconf 72' lang='lat'><strong>474.</strong></span> <span class='ocrx_word' id='word_1_39' title='bbox 481 909 501 944; x_wconf 77' lang='lat'><strong>,‚</strong></span> <span class='ocrx_word' id='word_1_40' title='bbox 521 862 767 942; x_wconf 85' lang='lat' dir='ltr'><strong>decimoseptimo</strong></span> <span class='ocrx_word' id='word_1_41' title='bbox 794 861 904 922; x_wconf 86' lang='lat' dir='ltr'><strong>Leonis</strong></span> <span class='ocrx_word' id='word_1_42' title='bbox 924 862 1033 942; x_wconf 71' lang='lat' dir='ltr'><strong>lmp.‚,</strong></span> <span class='ocrx_word' id='word_1_43' title='bbox 1058 883 1154 944; x_wconf 82' lang='lat' dir='ltr'><strong>usque</strong></span> <span class='ocrx_word' id='word_1_44' title='bbox 1173 862 1214 924; x_wconf 87' lang='lat' dir='ltr'><strong>ad</strong></span> <span class='ocrx_word' id='word_1_45' title='bbox 1233 875 1363 929; x_wconf 88' lang='lat' dir='ltr'><strong>mortem</strong></span> 
     </span>
     <span class='ocr_line' id='line_1_7' title="bbox 282 959 1362 1046; baseline 0 -22"><span class='ocrx_word' id='word_1_46' title='bbox 282 961 408 1046; x_wconf 87' lang='lat' dir='ltr'><strong>Nepotis</strong></span> <span class='ocrx_word' id='word_1_47' title='bbox 421 966 483 1044; x_wconf 74' lang='lat'><strong>¹¹⁷),</strong></span> <span class='ocrx_word' id='word_1_48' title='bbox 506 965 558 1046; x_wconf 87' lang='lat' dir='ltr'><strong>qui</strong></span> <span class='ocrx_word' id='word_1_49' title='bbox 578 983 607 1024; x_wconf 89' lang='lat' dir='ltr'><strong>a.</strong></span> <span class='ocrx_word' id='word_1_50' title='bbox 630 959 700 1039; x_wconf 72' lang='lat'><strong>480.</strong></span> <span class='ocrx_word' id='word_1_51' title='bbox 723 961 839 1022; x_wconf 89' lang='lat' dir='ltr'><strong>occisus</strong></span> <span class='ocrx_word' id='word_1_52' title='bbox 858 969 921 1034; x_wconf 81' lang='lat' dir='ltr'><strong>est,</strong></span> <span class='ocrx_word' id='word_1_53' title='bbox 940 971 1054 1042; x_wconf 82' lang='lat' dir='ltr'><strong>septem</strong></span> <span class='ocrx_word' id='word_1_54' title='bbox 1074 981 1223 1022; x_wconf 88' lang='lat' dir='ltr'><strong>annorum</strong></span> <span class='ocrx_word' id='word_1_55' title='bbox 1243 983 1293 1024; x_wconf 88' lang='lat' dir='ltr'><strong>res</strong></span> <span class='ocrx_word' id='word_1_56' title='bbox 1310 973 1362 1031; x_wconf 86' lang='lat' dir='ltr'><strong>to·</strong></span> 
     </span>
     <span class='ocr_line' id='line_1_8' title="bbox 280 1052 1362 1143; baseline 0 -21"><span class='ocrx_word' id='word_1_57' title='bbox 280 1061 376 1130; x_wconf 81' lang='lat' dir='ltr'><strong>tidem</strong></span> <span class='ocrx_word' id='word_1_58' title='bbox 399 1063 495 1139; x_wconf 87' lang='lat' dir='ltr'><strong>libris,</strong></span> <span class='ocrx_word' id='word_1_59' title='bbox 519 1081 594 1143; x_wconf 90' lang='lat' dir='ltr'><strong>quos</strong></span> <span class='ocrx_word' id='word_1_60' title='bbox 613 1052 818 1135; x_wconf 76' lang='grc' dir='ltr'><strong><em>Βυζαντιακά</em></strong></span> <span class='ocrx_word' id='word_1_61' title='bbox 841 1061 1013 1141; x_wconf 83' lang='lat' dir='ltr'><strong>inscripsit,</strong></span> <span class='ocrx_word' id='word_1_62' title='bbox 1040 1071 1225 1142; x_wconf 82' lang='lat' dir='ltr'><strong>persecutam</strong></span> <span class='ocrx_word' id='word_1_63' title='bbox 1235 1061 1362 1136; x_wconf 86' lang='lat' dir='ltr'><strong>Photius</strong></span> 
     </span>
     <span class='ocr_line' id='line_1_9' title="bbox 279 1158 1439 1244; baseline 0 -22"><span class='ocrx_word' id='word_1_64' title='bbox 279 1158 371 1244; x_wconf 79' lang='lat' dir='ltr'><strong>legit:</strong></span> <span class='ocrx_word' id='word_1_65' title='bbox 404 1173 495 1244; x_wconf 87' lang='lat' dir='ltr'><strong>atque</strong></span> <span class='ocrx_word' id='word_1_66' title='bbox 514 1163 593 1224; x_wconf 80' lang='lat' dir='ltr'><strong>intra</strong></span> <span class='ocrx_word' id='word_1_67' title='bbox 615 1159 675 1222; x_wconf 89' lang='lat' dir='ltr'><strong>hoe</strong></span> <span class='ocrx_word' id='word_1_68' title='bbox 695 1160 839 1242; x_wconf 87' lang='lat' dir='ltr'><strong>temporis</strong></span> <span class='ocrx_word' id='word_1_69' title='bbox 860 1163 989 1241; x_wconf 87' lang='lat' dir='ltr'><strong>spatium</strong></span> <span class='ocrx_word' id='word_1_70' title='bbox 1005 1160 1124 1242; x_wconf 83' lang='lat' dir='ltr'><strong>eclogae</strong></span> <span class='ocrx_word' id='word_1_71' title='bbox 1143 1161 1182 1222; x_wconf 88' lang='lat' dir='ltr'><strong>de</strong></span> <span class='ocrx_word' id='word_1_72' title='bbox 1202 1159 1360 1243; x_wconf 79' lang='lat' dir='ltr'><strong>legationi·</strong></span> <span class='ocrx_word' id='word_1_73' title='bbox 1435 1190 1439 1198; x_wconf 89' lang='lat'>·</span> 
     </span>
     <span class='ocr_line' id='line_1_10' title="bbox 279 1253 1360 1345; baseline -0.001 -24"><span class='ocrx_word' id='word_1_74' title='bbox 279 1258 349 1336; x_wconf 89' lang='lat' dir='ltr'><strong>bus,</strong></span> <span class='ocrx_word' id='word_1_75' title='bbox 372 1253 504 1345; x_wconf 71' lang='lat' dir='ltr'><strong>quanpue</strong></span> <span class='ocrx_word' id='word_1_76' title='bbox 527 1283 561 1323; x_wconf 88' lang='lat' dir='ltr'><strong>ex</strong></span> <span class='ocrx_word' id='word_1_77' title='bbox 580 1258 645 1320; x_wconf 85' lang='lat' dir='ltr'><strong>aliis</strong></span> <span class='ocrx_word' id='word_1_78' title='bbox 662 1259 757 1322; x_wconf 89' lang='lat' dir='ltr'><strong>titulis</strong></span> <span class='ocrx_word' id='word_1_79' title='bbox 769 1259 877 1322; x_wconf 89' lang='lat' dir='ltr'><strong>Suidas</strong></span> <span class='ocrx_word' id='word_1_80' title='bbox 890 1261 1034 1335; x_wconf 84' lang='lat' dir='ltr'><strong>servavit,</strong></span> <span class='ocrx_word' id='word_1_81' title='bbox 1048 1259 1360 1340; x_wconf 85' lang='lat' dir='ltr'><strong>comprehendunturr</strong></span> 
     </span>
     <span class='ocr_line' id='line_1_11' title="bbox 277 1357 1358 1441; baseline 0 -21"><span class='ocrx_word' id='word_1_82' title='bbox 277 1371 316 1420; x_wconf 89' lang='lat' dir='ltr'><strong>ut</strong></span> <span class='ocrx_word' id='word_1_83' title='bbox 334 1373 449 1422; x_wconf 89' lang='lat' dir='ltr'><strong>certum</strong></span> <span class='ocrx_word' id='word_1_84' title='bbox 470 1362 510 1422; x_wconf 89' lang='lat' dir='ltr'><strong>sit</strong></span> <span class='ocrx_word' id='word_1_85' title='bbox 528 1358 673 1422; x_wconf 88' lang='lat' dir='ltr'><strong>litteratas</strong></span> <span class='ocrx_word' id='word_1_86' title='bbox 688 1359 878 1420; x_wconf 82' lang='lat' dir='ltr'><strong>Constantini</strong></span> <span class='ocrx_word' id='word_1_87' title='bbox 891 1357 1146 1441; x_wconf 81' lang='lat' dir='ltr'><strong>Porphyrogeniti</strong></span> <span class='ocrx_word' id='word_1_88' title='bbox 1158 1379 1264 1440; x_wconf 83' lang='lat' dir='ltr'><strong>operas</strong></span> <span class='ocrx_word' id='word_1_89' title='bbox 1279 1360 1358 1433; x_wconf 82' lang='lat' dir='ltr'><strong>nibil</strong></span> 
     </span>
     <span class='ocr_line' id='line_1_12' title="bbox 277 1457 1359 1543; baseline 0 -23"><span class='ocrx_word' id='word_1_90' title='bbox 277 1461 407 1543; x_wconf 90' lang='lat' dir='ltr'><strong>amplius</strong></span> <span class='ocrx_word' id='word_1_91' title='bbox 433 1461 582 1524; x_wconf 79' lang='lat' dir='ltr'><strong>babuisse.</strong></span> <span class='ocrx_word' id='word_1_92' title='bbox 626 1461 730 1522; x_wconf 85' lang='lat' dir='ltr'><strong>Monet</strong></span> <span class='ocrx_word' id='word_1_93' title='bbox 749 1471 852 1520; x_wconf 88' lang='lat' dir='ltr'><strong>tamen</strong></span> <span class='ocrx_word' id='word_1_94' title='bbox 871 1458 1017 1532; x_wconf 87' lang='lat' dir='ltr'><strong>Photius‚</strong></span> <span class='ocrx_word' id='word_1_95' title='bbox 1048 1457 1097 1518; x_wconf 92' lang='lat' dir='ltr'><strong>his</strong></span> <span class='ocrx_word' id='word_1_96' title='bbox 1117 1457 1203 1520; x_wconf 89' lang='lat' dir='ltr'><strong>libris</strong></span> <span class='ocrx_word' id='word_1_97' title='bbox 1222 1481 1298 1541; x_wconf 92' lang='lat' dir='ltr'><strong>opus</strong></span> <span class='ocrx_word' id='word_1_98' title='bbox 1317 1457 1359 1520; x_wconf 88' lang='lat' dir='ltr'><strong>ad</strong></span> 
     </span>
     <span class='ocr_line' id='line_1_13' title="bbox 277 1553 1355 1642; baseline 0.005 -24"><span class='ocrx_word' id='word_1_99' title='bbox 277 1561 441 1620; x_wconf 87' lang='lat' dir='ltr'><strong>terminum</strong></span> <span class='ocrx_word' id='word_1_100' title='bbox 461 1581 552 1642; x_wconf 89' lang='lat' dir='ltr'><strong>quem</strong></span> <span class='ocrx_word' id='word_1_101' title='bbox 573 1569 679 1621; x_wconf 87' lang='lat' dir='ltr'><strong>auctor</strong></span> <span class='ocrx_word' id='word_1_102' title='bbox 698 1553 755 1622; x_wconf 86' lang='lat' dir='ltr'><strong>sibi</strong></span> <span class='ocrx_word' id='word_1_103' title='bbox 776 1553 1179 1641; x_wconf 73' lang='lat' dir='ltr'><strong>proposuisset&#39;perductum</strong></span> <span class='ocrx_word' id='word_1_104' title='bbox 1198 1580 1261 1620; x_wconf 89' lang='lat' dir='ltr'><strong>non</strong></span> <span class='ocrx_word' id='word_1_105' title='bbox 1279 1581 1355 1623; x_wconf 73' lang='lat' dir='ltr'><strong>esse:</strong></span> 
     </span>
     <span class='ocr_line' id='line_1_14' title="bbox 274 1658 1357 1742; baseline -0.003 -22"><span class='ocrx_word' id='word_1_106' title='bbox 274 1659 375 1740; x_wconf 87' lang='lat' dir='ltr'><strong>ipsum</strong></span> <span class='ocrx_word' id='word_1_107' title='bbox 393 1661 519 1722; x_wconf 50' lang='lat' dir='ltr'><strong>¹innuere</strong></span> <span class='ocrx_word' id='word_1_108' title='bbox 536 1659 623 1742; x_wconf 89' lang='lat' dir='ltr'><strong>plura</strong></span> <span class='ocrx_word' id='word_1_109' title='bbox 642 1681 675 1722; x_wconf 87' lang='lat' dir='ltr'><strong>se</strong></span> <span class='ocrx_word' id='word_1_110' title='bbox 695 1659 869 1720; x_wconf 86' lang='lat' dir='ltr'><strong>additurum</strong></span> <span class='ocrx_word' id='word_1_111' title='bbox 888 1661 914 1720; x_wconf 91' lang='lat' dir='ltr'><strong>si</strong></span> <span class='ocrx_word' id='word_1_112' title='bbox 932 1658 997 1718; x_wconf 84' lang='lat' dir='ltr'><strong>vita</strong></span> <span class='ocrx_word' id='word_1_113' title='bbox 1015 1668 1170 1739; x_wconf 82' lang='lat' dir='ltr'><strong>suppetat:</strong></span> <span class='ocrx_word' id='word_1_114' title='bbox 1181 1677 1277 1740; x_wconf 86' lang='lat' dir='ltr'><strong>quum</strong></span> <span class='ocrx_word' id='word_1_115' title='bbox 1297 1660 1357 1741; x_wconf 77' lang='lat' dir='ltr'><strong>igi·</strong></span> 
     </span>
     <span class='ocr_line' id='line_1_15' title="bbox 273 1757 1357 1841; baseline 0.002 -24"><span class='ocrx_word' id='word_1_116' title='bbox 273 1768 327 1818; x_wconf 87' lang='lat' dir='ltr'><strong>tur</strong></span> <span class='ocrx_word' id='word_1_117' title='bbox 347 1759 453 1820; x_wconf 91' lang='lat' dir='ltr'><strong>Suidas</strong></span> <span class='ocrx_word' id='word_1_118' title='bbox 472 1758 584 1820; x_wconf 88' lang='lat' dir='ltr'><strong>Malcbi</strong></span> <span class='ocrx_word' id='word_1_119' title='bbox 608 1759 766 1820; x_wconf 87' lang='lat' dir='ltr'><strong>historiam</strong></span> <span class='ocrx_word' id='word_1_120' title='bbox 794 1780 891 1841; x_wconf 83' lang='lat' dir='ltr'><strong>usque</strong></span> <span class='ocrx_word' id='word_1_121' title='bbox 919 1758 959 1819; x_wconf 88' lang='lat' dir='ltr'><strong>ad</strong></span> <span class='ocrx_word' id='word_1_122' title='bbox 981 1757 1357 1820; x_wconf 83' lang='lat' dir='ltr'><strong>Anastasiumdeductam</strong></span> 
     </span>
     <span class='ocr_line' id='line_1_16' title="bbox 273 1856 1355 1939; baseline -0.002 -21"><span class='ocrx_word' id='word_1_123' title='bbox 273 1877 338 1918; x_wconf 89' lang='lat' dir='ltr'><strong>esse</strong></span> <span class='ocrx_word' id='word_1_124' title='bbox 359 1859 491 1937; x_wconf 85' lang='lat' dir='ltr'><strong>scribat,</strong></span> <span class='ocrx_word' id='word_1_125' title='bbox 518 1881 581 1920; x_wconf 90' lang='lat' dir='ltr'><strong>non</strong></span> <span class='ocrx_word' id='word_1_126' title='bbox 613 1857 838 1937; x_wconf 87' lang='lat' dir='ltr'><strong>contradicam,</strong></span> <span class='ocrx_word' id='word_1_127' title='bbox 869 1861 896 1918; x_wconf 90' lang='lat' dir='ltr'><strong>si</strong></span> <span class='ocrx_word' id='word_1_128' title='bbox 920 1859 988 1939; x_wconf 91' lang='lat' dir='ltr'><strong>quis</strong></span> <span class='ocrx_word' id='word_1_129' title='bbox 1006 1856 1064 1916; x_wconf 86' lang='lat' dir='ltr'><strong>sibi</strong></span> <span class='ocrx_word' id='word_1_130' title='bbox 1083 1858 1263 1938; x_wconf 86' lang='lat' dir='ltr'><strong>persuaserit</strong></span> <span class='ocrx_word' id='word_1_131' title='bbox 1281 1856 1355 1917; x_wconf 89' lang='lat' dir='ltr'><strong>ulti-</strong></span> 
     </span>
     <span class='ocr_line' id='line_1_17' title="bbox 271 1958 1352 2041; baseline -0.001 -21"><span class='ocrx_word' id='word_1_132' title='bbox 271 1974 324 2020; x_wconf 82' lang='lat' dir='ltr'><strong>tna</strong></span> <span class='ocrx_word' id='word_1_133' title='bbox 346 1969 433 2041; x_wconf 84' lang='lat' dir='ltr'><strong>parte</strong></span> <span class='ocrx_word' id='word_1_134' title='bbox 452 1969 620 2020; x_wconf 85' lang='lat' dir='ltr'><strong>truncatam</strong></span> <span class='ocrx_word' id='word_1_135' title='bbox 645 1958 684 2020; x_wconf 88' lang='lat' dir='ltr'><strong>ad</strong></span> <span class='ocrx_word' id='word_1_136' title='bbox 703 1958 849 2020; x_wconf 89' lang='lat' dir='ltr'><strong>Photium</strong></span> <span class='ocrx_word' id='word_1_137' title='bbox 862 1958 1150 2038; x_wconf 89' lang='lat' dir='ltr'><strong>Constantinumque</strong></span> <span class='ocrx_word' id='word_1_138' title='bbox 1169 1959 1352 2038; x_wconf 81' lang='lat' dir='ltr'><strong>pervenisse3</strong></span> 
     </span>
     <span class='ocr_line' id='line_1_18' title="bbox 270 2057 1351 2140; baseline 0.002 -22"><span class='ocrx_word' id='word_1_139' title='bbox 270 2057 419 2140; x_wconf 76' lang='lat' dir='ltr'><strong>integram</strong></span> <span class='ocrx_word' id='word_1_140' title='bbox 449 2060 475 2120; x_wconf 92' lang='lat' dir='ltr'><strong>ei</strong></span> <span class='ocrx_word' id='word_1_141' title='bbox 504 2061 668 2120; x_wconf 89' lang='lat' dir='ltr'><strong>innotuisse</strong></span> <span class='ocrx_word' id='word_1_142' title='bbox 708 2061 761 2139; x_wconf 91' lang='lat' dir='ltr'><strong>qui</strong></span> <span class='ocrx_word' id='word_1_143' title='bbox 803 2057 896 2138; x_wconf 90' lang='lat' dir='ltr'><strong>paulo</strong></span> <span class='ocrx_word' id='word_1_144' title='bbox 932 2068 1002 2138; x_wconf 89' lang='lat' dir='ltr'><strong>post</strong></span> <span class='ocrx_word' id='word_1_145' title='bbox 1033 2057 1234 2118; x_wconf 79' lang='lat' dir='ltr'><strong>lastinianum</strong></span> <span class='ocrx_word' id='word_1_146' title='bbox 1271 2058 1351 2140; x_wconf 88' lang='lat' dir='ltr'><strong>Imp.</strong></span> 
     </span>
     <span class='ocr_line' id='line_1_19' title="bbox 269 2154 1349 2239; baseline -0.004 -18"><span class='ocrx_word' id='word_1_147' title='bbox 269 2154 387 2221; x_wconf 83' lang='lat' dir='ltr'><strong>lexicon</strong></span> <span class='ocrx_word' id='word_1_148' title='bbox 423 2159 461 2218; x_wconf 92' lang='lat' dir='ltr'><strong>de</strong></span> <span class='ocrx_word' id='word_1_149' title='bbox 490 2157 684 2239; x_wconf 87' lang='lat' dir='ltr'><strong>scriptoribus</strong></span> <span class='ocrx_word' id='word_1_150' title='bbox 718 2157 887 2236; x_wconf 89' lang='lat' dir='ltr'><strong>composuit</strong></span> <span class='ocrx_word' id='word_1_151' title='bbox 915 2155 998 2236; x_wconf 89' lang='lat' dir='ltr'><strong>quod</strong></span> <span class='ocrx_word' id='word_1_152' title='bbox 1025 2156 1132 2216; x_wconf 90' lang='lat' dir='ltr'><strong>Suidas</strong></span> <span class='ocrx_word' id='word_1_153' title='bbox 1164 2155 1349 2239; x_wconf 85' lang='lat' dir='ltr'><strong>compilavit.</strong></span> 
     </span>
     <span class='ocr_line' id='line_1_20' title="bbox 201 2245 1350 2338; baseline 0 -21"><span class='ocrx_word' id='word_1_154' title='bbox 201 2245 205 2256; x_wconf 50' lang='lat'><strong>¹</strong></span> <span class='ocrx_word' id='word_1_155' title='bbox 269 2253 376 2317; x_wconf 86' lang='lat' dir='ltr'><strong>Edidit</strong></span> <span class='ocrx_word' id='word_1_156' title='bbox 395 2267 475 2315; x_wconf 90' lang='lat' dir='ltr'><strong>certe</strong></span> <span class='ocrx_word' id='word_1_157' title='bbox 495 2254 633 2314; x_wconf 88' lang='lat' dir='ltr'><strong>Malcbus</strong></span> <span class='ocrx_word' id='word_1_158' title='bbox 652 2265 772 2316; x_wconf 87' lang='lat' dir='ltr'><strong>mortuo</strong></span> <span class='ocrx_word' id='word_1_159' title='bbox 792 2253 916 2314; x_wconf 90' lang='lat' dir='ltr'><strong>demum</strong></span> <span class='ocrx_word' id='word_1_160' title='bbox 936 2255 1074 2333; x_wconf 88' lang='lat' dir='ltr'><strong>Zenone,</strong></span> <span class='ocrx_word' id='word_1_161' title='bbox 1095 2257 1181 2316; x_wconf 89' lang='lat' dir='ltr'><strong>cuius</strong></span> <span class='ocrx_word' id='word_1_162' title='bbox 1199 2258 1350 2338; x_wconf 82' lang='lat' dir='ltr'><strong>ignaviam</strong></span> 
     </span>
     <span class='ocr_line' id='line_1_21' title="bbox 267 2351 1350 2438; baseline 0.005 -26"><span class='ocrx_word' id='word_1_163' title='bbox 267 2351 439 2436; x_wconf 84' lang='lat' dir='ltr'><strong>probraque</strong></span> <span class='ocrx_word' id='word_1_164' title='bbox 459 2375 617 2414; x_wconf 88' lang='lat' dir='ltr'><strong>mansurae</strong></span> <span class='ocrx_word' id='word_1_165' title='bbox 636 2354 775 2414; x_wconf 85' lang='lat' dir='ltr'><strong>infamiae</strong></span> <span class='ocrx_word' id='word_1_166' title='bbox 789 2354 931 2414; x_wconf 86' lang='lat' dir='ltr'><strong>tradidit:</strong></span> <span class='ocrx_word' id='word_1_167' title='bbox 969 2376 1004 2414; x_wconf 91' lang='lat' dir='ltr'><strong>ac</strong></span> <span class='ocrx_word' id='word_1_168' title='bbox 1031 2366 1115 2416; x_wconf 89' lang='lat' dir='ltr'><strong>tanta</strong></span> <span class='ocrx_word' id='word_1_169' title='bbox 1135 2356 1257 2438; x_wconf 85' lang='lat' dir='ltr'><strong>quidem</strong></span> <span class='ocrx_word' id='word_1_170' title='bbox 1278 2378 1350 2418; x_wconf 88' lang='lat' dir='ltr'><strong>cum</strong></span> 
     </span>
     <span class='ocr_line' id='line_1_22' title="bbox 266 2450 1351 2537; baseline 0.001 -22"><span class='ocrx_word' id='word_1_171' title='bbox 266 2450 410 2515; x_wconf 89' lang='lat' dir='ltr'><strong>libertate</strong></span> <span class='ocrx_word' id='word_1_172' title='bbox 433 2465 467 2514; x_wconf 90' lang='lat' dir='ltr'><strong>ut</strong></span> <span class='ocrx_word' id='word_1_173' title='bbox 491 2455 581 2514; x_wconf 83' lang='lat' dir='ltr'><strong>etiarn</strong></span> <span class='ocrx_word' id='word_1_174' title='bbox 607 2454 664 2516; x_wconf 89' lang='lat' dir='ltr'><strong>sub</strong></span> <span class='ocrx_word' id='word_1_175' title='bbox 689 2455 756 2514; x_wconf 89' lang='lat' dir='ltr'><strong>miti</strong></span> <span class='ocrx_word' id='word_1_176' title='bbox 781 2454 934 2515; x_wconf 84' lang='lat' dir='ltr'><strong>Anastasii</strong></span> <span class='ocrx_word' id='word_1_177' title='bbox 959 2456 1086 2537; x_wconf 88' lang='lat' dir='ltr'><strong>imperio</strong></span> <span class='ocrx_word' id='word_1_178' title='bbox 1114 2456 1285 2517; x_wconf 91' lang='lat' dir='ltr'><strong>mirandum</strong></span> <span class='ocrx_word' id='word_1_179' title='bbox 1310 2459 1351 2517; x_wconf 84' lang='lat' dir='ltr'><strong>sit</strong></span> 
     </span>
     <span class='ocr_line' id='line_1_23' title="bbox 265 2553 1349 2636; baseline 0.002 -22"><span class='ocrx_word' id='word_1_180' title='bbox 265 2554 429 2616; x_wconf 86' lang='lat' dir='ltr'><strong>maiestatis</strong></span> <span class='ocrx_word' id='word_1_181' title='bbox 447 2571 577 2635; x_wconf 87' lang='lat' dir='ltr'><strong>poenam</strong></span> <span class='ocrx_word' id='word_1_182' title='bbox 594 2556 721 2617; x_wconf 87' lang='lat' dir='ltr'><strong>evasisse</strong></span> <span class='ocrx_word' id='word_1_183' title='bbox 740 2556 793 2636; x_wconf 88' lang='lat' dir='ltr'><strong>qui</strong></span> <span class='ocrx_word' id='word_1_184' title='bbox 813 2553 886 2624; x_wconf 86' lang='lat' dir='ltr'><strong>talia</strong></span> <span class='ocrx_word' id='word_1_185' title='bbox 908 2565 1014 2615; x_wconf 91' lang='lat' dir='ltr'><strong>contra</strong></span> <span class='ocrx_word' id='word_1_186' title='bbox 1033 2556 1218 2631; x_wconf 80' lang='lat' dir='ltr'><strong>decessorem</strong></span> <span class='ocrx_word' id='word_1_187' title='bbox 1229 2556 1349 2617; x_wconf 89' lang='lat' dir='ltr'><strong>Princi-</strong></span> 
     </span>
     <span class='ocr_line' id='line_1_24' title="bbox 264 2652 1348 2736; baseline 0.003 -22"><span class='ocrx_word' id='word_1_188' title='bbox 264 2654 324 2736; x_wconf 89' lang='lat' dir='ltr'><strong>pis,</strong></span> <span class='ocrx_word' id='word_1_189' title='bbox 345 2653 519 2736; x_wconf 88' lang='lat' dir='ltr'><strong>praesertim</strong></span> <span class='ocrx_word' id='word_1_190' title='bbox 534 2655 588 2736; x_wconf 91' lang='lat' dir='ltr'><strong>qui</strong></span> <span class='ocrx_word' id='word_1_191' title='bbox 604 2652 759 2735; x_wconf 83' lang='lat' dir='ltr'><strong>Augustae</strong></span> <span class='ocrx_word' id='word_1_192' title='bbox 779 2658 907 2714; x_wconf 86' lang='lat' dir='ltr'><strong>maritus</strong></span> <span class='ocrx_word' id='word_1_193' title='bbox 926 2655 1045 2728; x_wconf 76' lang='lat' dir='ltr'><strong>fluerat,</strong></span> <span class='ocrx_word' id='word_1_194' title='bbox 1069 2655 1203 2716; x_wconf 87' lang='lat' dir='ltr'><strong>auderet.</strong></span> <span class='ocrx_word' id='word_1_195' title='bbox 1229 2656 1348 2719; x_wconf 82' lang='lat' dir='ltr'><strong>Verum</strong></span> 
     </span>
     <span class='ocr_line' id='line_1_25' title="bbox 264 2753 1375 2837; baseline 0.003 -23"><span class='ocrx_word' id='word_1_196' title='bbox 264 2773 328 2814; x_wconf 90' lang='lat' dir='ltr'><strong>non</strong></span> <span class='ocrx_word' id='word_1_197' title='bbox 356 2756 479 2814; x_wconf 89' lang='lat' dir='ltr'><strong>unicum</strong></span> <span class='ocrx_word' id='word_1_198' title='bbox 507 2753 566 2814; x_wconf 91' lang='lat' dir='ltr'><strong>hoc</strong></span> <span class='ocrx_word' id='word_1_199' title='bbox 592 2765 636 2816; x_wconf 80' lang='lat' dir='ltr'><strong>est</strong></span> <span class='ocrx_word' id='word_1_200' title='bbox 654 2753 711 2814; x_wconf 82' lang='lat' dir='ltr'><strong>sub</strong></span> <span class='ocrx_word' id='word_1_201' title='bbox 741 2755 972 2836; x_wconf 89' lang='lat' dir='ltr'><strong>imperatoribus</strong></span> <span class='ocrx_word' id='word_1_202' title='bbox 999 2755 1172 2837; x_wconf 65' lang='lat' dir='ltr'><strong>Byzantinis</strong></span> <span class='ocrx_word' id='word_1_203' title='bbox 1192 2756 1375 2828; x_wconf 82' lang='lat' dir='ltr'><strong>mirandae·</strong></span> 
     </span>
     <span class='ocr_line' id='line_1_26' title="bbox 264 2851 1347 2936; baseline 0.001 -22"><span class='ocrx_word' id='word_1_204' title='bbox 264 2853 299 2914; x_wconf 88' lang='lat' dir='ltr'><strong>in</strong></span> <span class='ocrx_word' id='word_1_205' title='bbox 319 2851 477 2915; x_wconf 87' lang='lat' dir='ltr'><strong>scribendo</strong></span> <span class='ocrx_word' id='word_1_206' title='bbox 498 2851 645 2918; x_wconf 84' lang='lat' dir='ltr'><strong>libertatis</strong></span> <span class='ocrx_word' id='word_1_207' title='bbox 666 2853 852 2936; x_wconf 84' lang='lat' dir='ltr'><strong>exemplum,</strong></span> <span class='ocrx_word' id='word_1_208' title='bbox 880 2855 1006 2916; x_wconf 77' lang='lat' dir='ltr'><strong>saltasse</strong></span> <span class='ocrx_word' id='word_1_209' title='bbox 1034 2875 1053 2913; x_wconf 90' lang='lat' dir='ltr'><strong>a</strong></span> <span class='ocrx_word' id='word_1_210' title='bbox 1071 2865 1246 2936; x_wconf 88' lang='lat' dir='ltr'><strong>contemptu</strong></span> <span class='ocrx_word' id='word_1_211' title='bbox 1265 2853 1347 2916; x_wconf 85' lang='lat' dir='ltr'><strong>litte-</strong></span> 
     </span>
     <span class='ocr_line' id='line_1_27' title="bbox 261 2953 1346 3037; baseline 0.003 -25"><span class='ocrx_word' id='word_1_212' title='bbox 261 2971 366 3012; x_wconf 84' lang='lat' dir='ltr'><strong>rarum</strong></span> <span class='ocrx_word' id='word_1_213' title='bbox 386 2965 504 3014; x_wconf 81' lang='lat' dir='ltr'><strong>ortum:</strong></span> <span class='ocrx_word' id='word_1_214' title='bbox 526 2975 598 3014; x_wconf 91' lang='lat' dir='ltr'><strong>nam</strong></span> <span class='ocrx_word' id='word_1_215' title='bbox 618 2953 778 3029; x_wconf 83' lang='lat' dir='ltr'><strong>Tiberius,</strong></span> <span class='ocrx_word' id='word_1_216' title='bbox 802 2954 891 3017; x_wconf 85' lang='lat' dir='ltr'><strong>valde</strong></span> <span class='ocrx_word' id='word_1_217' title='bbox 910 2958 943 3015; x_wconf 89' lang='lat' dir='ltr'><strong>in</strong></span> <span class='ocrx_word' id='word_1_218' title='bbox 964 2958 1002 3015; x_wconf 93' lang='lat' dir='ltr'><strong>iis</strong></span> <span class='ocrx_word' id='word_1_219' title='bbox 1023 2965 1169 3029; x_wconf 83' lang='lat' dir='ltr'><strong>versatus,</strong></span> <span class='ocrx_word' id='word_1_220' title='bbox 1191 2975 1346 3037; x_wconf 64' lang='lat' dir='ltr'><strong>quaecum</strong></span> 
     </span>
     <span class='ocr_line' id='line_1_28' title="bbox 261 3053 1342 3137; baseline 0 -24"><span class='ocrx_word' id='word_1_221' title='bbox 261 3074 323 3134; x_wconf 88' lang='lat' dir='ltr'><strong>que</strong></span> <span class='ocrx_word' id='word_1_222' title='bbox 357 3053 524 3115; x_wconf 87' lang='lat' dir='ltr'><strong>edebantur</strong></span> <span class='ocrx_word' id='word_1_223' title='bbox 554 3057 639 3115; x_wconf 85' lang='lat' dir='ltr'><strong>anxie</strong></span> <span class='ocrx_word' id='word_1_224' title='bbox 670 3055 881 3133; x_wconf 88' lang='lat' dir='ltr'><strong>scrutabatur,</strong></span> <span class='ocrx_word' id='word_1_225' title='bbox 910 3053 1135 3137; x_wconf 84' lang='lat' dir='ltr'><strong>crudeliterque</strong></span> <span class='ocrx_word' id='word_1_226' title='bbox 1157 3055 1342 3116; x_wconf 77' lang='lat' dir='ltr'><strong>vmdimbat.</strong></span> 
     </span>
     <span class='ocr_line' id='line_1_29' title="bbox 259 3152 1344 3236; baseline 0 -22"><span class='ocrx_word' id='word_1_227' title='bbox 259 3152 356 3234; x_wconf 84' lang='lat' dir='ltr'><strong>Magis</strong></span> <span class='ocrx_word' id='word_1_228' title='bbox 377 3155 468 3214; x_wconf 89' lang='lat' dir='ltr'><strong>etiam</strong></span> <span class='ocrx_word' id='word_1_229' title='bbox 501 3156 647 3215; x_wconf 88' lang='lat' dir='ltr'><strong>miramur</strong></span> <span class='ocrx_word' id='word_1_230' title='bbox 667 3155 842 3236; x_wconf 87' lang='lat' dir='ltr'><strong>Euoapium</strong></span> <span class='ocrx_word' id='word_1_231' title='bbox 873 3174 935 3214; x_wconf 92' lang='lat' dir='ltr'><strong>non</strong></span> <span class='ocrx_word' id='word_1_232' title='bbox 966 3165 1064 3215; x_wconf 86' lang='lat' dir='ltr'><strong>morte</strong></span> <span class='ocrx_word' id='word_1_233' title='bbox 1087 3175 1199 3236; x_wconf 87' lang='lat' dir='ltr'><strong>poenas</strong></span> <span class='ocrx_word' id='word_1_234' title='bbox 1226 3153 1344 3214; x_wconf 86' lang='lat' dir='ltr'><strong>dedisse</strong></span> 
     </span>
     <span class='ocr_line' id='line_1_30' title="bbox 258 3251 1343 3336; baseline 0 -24"><span class='ocrx_word' id='word_1_235' title='bbox 258 3271 316 3334; x_wconf 88' lang='lat' dir='ltr'><strong>pro</strong></span> <span class='ocrx_word' id='word_1_236' title='bbox 336 3253 382 3314; x_wconf 88' lang='lat' dir='ltr'><strong>bis</strong></span> <span class='ocrx_word' id='word_1_237' title='bbox 411 3274 488 3336; x_wconf 86' lang='lat' dir='ltr'><strong>quae</strong></span> <span class='ocrx_word' id='word_1_238' title='bbox 508 3256 647 3336; x_wconf 84' lang='lat' dir='ltr'><strong>quemvis</strong></span> <span class='ocrx_word' id='word_1_239' title='bbox 666 3251 870 3314; x_wconf 86' lang='lat' dir='ltr'><strong>Christianum</strong></span> <span class='ocrx_word' id='word_1_240' title='bbox 884 3275 946 3314; x_wconf 91' lang='lat' dir='ltr'><strong>non</strong></span> <span class='ocrx_word' id='word_1_241' title='bbox 965 3255 1066 3314; x_wconf 88' lang='lat' dir='ltr'><strong>minus</strong></span> <span class='ocrx_word' id='word_1_242' title='bbox 1086 3275 1177 3336; x_wconf 89' lang='lat' dir='ltr'><strong>quam</strong></span> <span class='ocrx_word' id='word_1_243' title='bbox 1188 3254 1343 3334; x_wconf 85' lang='lat' dir='ltr'><strong>Principes</strong></span> 
     </span>
     <span class='ocr_line' id='line_1_31' title="bbox 258 3352 1344 3418; baseline -0.002 -2"><span class='ocrx_word' id='word_1_244' title='bbox 258 3353 420 3418; x_wconf 87' lang='lat' dir='ltr'><strong>laederent.</strong></span> <span class='ocrx_word' id='word_1_245' title='bbox 461 3355 617 3416; x_wconf 84' lang='lat' dir='ltr'><strong>Malcbum</strong></span> <span class='ocrx_word' id='word_1_246' title='bbox 644 3377 707 3416; x_wconf 92' lang='lat' dir='ltr'><strong>non</strong></span> <span class='ocrx_word' id='word_1_247' title='bbox 737 3355 963 3416; x_wconf 88' lang='lat' dir='ltr'><strong>maledicentiae</strong></span> <span class='ocrx_word' id='word_1_248' title='bbox 983 3356 1036 3417; x_wconf 89' lang='lat' dir='ltr'><strong>sed</strong></span> <span class='ocrx_word' id='word_1_249' title='bbox 1056 3354 1175 3414; x_wconf 83' lang='lat' dir='ltr'><strong>veritati</strong></span> <span class='ocrx_word' id='word_1_250' title='bbox 1194 3352 1344 3414; x_wconf 88' lang='lat' dir='ltr'><strong>studuisse</strong></span> 
     </span>
    </p>
   </div>
   <div class='ocr_carea' id='block_1_3' title="bbox 256 3447 1427 3838">
    <p class='ocr_par' dir='ltr' id='par_1_3' title="bbox 256 3447 1427 3838">
     <span class='ocr_line' id='line_1_32' title="bbox 257 3447 1427 3536; baseline -0.001 -22"><span class='ocrx_word' id='word_1_251' title='bbox 257 3457 421 3514; x_wconf 85' lang='lat' dir='ltr'><strong>cernimus.</strong></span> <span class='ocrx_word' id='word_1_252' title='bbox 443 3455 602 3516; x_wconf 89' lang='lat' dir='ltr'><strong>Difficilior</strong></span> <span class='ocrx_word' id='word_1_253' title='bbox 623 3455 663 3516; x_wconf 88' lang='lat' dir='ltr'><strong>ad</strong></span> <span class='ocrx_word' id='word_1_254' title='bbox 682 3455 901 3536; x_wconf 84' lang='lat' dir='ltr'><strong>expediendum</strong></span> <span class='ocrx_word' id='word_1_255' title='bbox 919 3455 992 3516; x_wconf 90' lang='lat' dir='ltr'><strong>inde</strong></span> <span class='ocrx_word' id='word_1_256' title='bbox 1004 3455 1103 3516; x_wconf 89' lang='lat' dir='ltr'><strong>oritur</strong></span> <span class='ocrx_word' id='word_1_257' title='bbox 1114 3456 1249 3536; x_wconf 83' lang='lat' dir='ltr'><strong>quaestio</strong></span> <span class='ocrx_word' id='word_1_258' title='bbox 1257 3451 1341 3534; x_wconf 90' lang='lat' dir='ltr'><strong>quod</strong></span> <span class='ocrx_word' id='word_1_259' title='bbox 1421 3447 1427 3456; x_wconf 88' lang='grc'>’</span> 
     </span>
     <span class='ocr_line' id='line_1_33' title="bbox 256 3553 1338 3617; baseline 0.002 -3"><span class='ocrx_word' id='word_1_260' title='bbox 256 3553 397 3614; x_wconf 88' lang='lat' dir='ltr'><strong>Malcbus</strong></span> <span class='ocrx_word' id='word_1_261' title='bbox 410 3553 565 3616; x_wconf 88' lang='lat' dir='ltr'><strong>historiam</strong></span> <span class='ocrx_word' id='word_1_262' title='bbox 587 3578 606 3616; x_wconf 86' lang='lat' dir='ltr'><strong>a</strong></span> <span class='ocrx_word' id='word_1_263' title='bbox 622 3556 820 3616; x_wconf 87' lang='lat' dir='ltr'><strong>Constantino</strong></span> <span class='ocrx_word' id='word_1_264' title='bbox 839 3557 885 3616; x_wconf 88' lang='grc' dir='ltr'><strong>Μ.</strong></span> <span class='ocrx_word' id='word_1_265' title='bbox 898 3555 1054 3617; x_wconf 87' lang='lat' dir='ltr'><strong>inchoasse</strong></span> <span class='ocrx_word' id='word_1_266' title='bbox 1073 3553 1192 3614; x_wconf 88' lang='lat' dir='ltr'><strong>aSuida</strong></span> <span class='ocrx_word' id='word_1_267' title='bbox 1204 3553 1338 3616; x_wconf 71' lang='lat' dir='ltr'><strong>dicitur:</strong></span> 
     </span>
     <span class='ocr_line' id='line_1_34' title="bbox 256 3653 1341 3737; baseline 0 -23"><span class='ocrx_word' id='word_1_268' title='bbox 256 3653 291 3714; x_wconf 85' lang='lat' dir='ltr'><strong>in</strong></span> <span class='ocrx_word' id='word_1_269' title='bbox 311 3653 395 3734; x_wconf 91' lang='lat' dir='ltr'><strong>quod</strong></span> <span class='ocrx_word' id='word_1_270' title='bbox 414 3665 476 3713; x_wconf 87' lang='lat' dir='ltr'><strong>tam</strong></span> <span class='ocrx_word' id='word_1_271' title='bbox 497 3654 643 3718; x_wconf 80' lang='lat' dir='ltr'><strong>disertum</strong></span> <span class='ocrx_word' id='word_1_272' title='bbox 662 3654 1019 3737; x_wconf 77' lang='lat' dir='ltr'><strong>testimonium&#39;suspicio</strong></span> <span class='ocrx_word' id='word_1_273' title='bbox 1050 3657 1160 3716; x_wconf 84' lang='lat' dir='ltr'><strong>erroris</strong></span> <span class='ocrx_word' id='word_1_274' title='bbox 1184 3675 1221 3714; x_wconf 91' lang='lat' dir='ltr'><strong>eo</strong></span> <span class='ocrx_word' id='word_1_275' title='bbox 1240 3654 1341 3730; x_wconf 80' lang='lat' dir='ltr'><strong>miuus</strong></span> 
     </span>
     <span class='ocr_line' id='line_1_35' title="bbox 257 3751 1341 3838; baseline 0.005 -27"><span class='ocrx_word' id='word_1_276' title='bbox 257 3751 338 3812; x_wconf 89' lang='lat' dir='ltr'><strong>cadit</strong></span> <span class='ocrx_word' id='word_1_277' title='bbox 358 3753 440 3834; x_wconf 90' lang='lat' dir='ltr'><strong>quod</strong></span> <span class='ocrx_word' id='word_1_278' title='bbox 460 3751 590 3814; x_wconf 86' lang='lat' dir='ltr'><strong>Photius</strong></span> <span class='ocrx_word' id='word_1_279' title='bbox 616 3777 634 3816; x_wconf 87' lang='lat' dir='ltr'><strong>e</strong></span> <span class='ocrx_word' id='word_1_280' title='bbox 664 3755 755 3838; x_wconf 85' lang='lat' dir='ltr'><strong>primi</strong></span> <span class='ocrx_word' id='word_1_281' title='bbox 782 3752 853 3816; x_wconf 88' lang='lat' dir='ltr'><strong>libri</strong></span> <span class='ocrx_word' id='word_1_282' title='bbox 872 3755 959 3816; x_wconf 89' lang='lat' dir='ltr'><strong>initio</strong></span> <span class='ocrx_word' id='word_1_283' title='bbox 981 3765 1119 3816; x_wconf 86' lang='lat' dir='ltr'><strong>constare</strong></span> <span class='ocrx_word' id='word_1_284' title='bbox 1137 3753 1244 3832; x_wconf 85' lang='lat' dir='ltr'><strong>docet,</strong></span> <span class='ocrx_word' id='word_1_285' title='bbox 1264 3751 1341 3817; x_wconf 76' lang='lat' dir='ltr'><strong>ahos</strong></span> 
     </span>
    </p>
   </div>
   <div class='ocr_carea' id='block_1_4' title="bbox 253 3851 1340 4145">
    <p class='ocr_par' dir='ltr' id='par_1_4' title="bbox 253 3851 1340 4145">
     <span class='ocr_line' id='line_1_36' title="bbox 255 3851 1339 3938; baseline 0 -26"><span class='ocrx_word' id='word_1_286' title='bbox 255 3851 391 3912; x_wconf 88' lang='lat' dir='ltr'><strong>eiusdem</strong></span> <span class='ocrx_word' id='word_1_287' title='bbox 411 3853 540 3914; x_wconf 71' lang='lat' dir='ltr'><strong>samoris</strong></span> <span class='ocrx_word' id='word_1_288' title='bbox 567 3864 657 3937; x_wconf 86' lang='lat' dir='ltr'><strong>atque</strong></span> <span class='ocrx_word' id='word_1_289' title='bbox 680 3857 850 3938; x_wconf 75' lang='lat' dir='ltr'><strong>argumenti</strong></span> <span class='ocrx_word' id='word_1_290' title='bbox 877 3857 1080 3937; x_wconf 79' lang='lat' dir='ltr'><strong>praecessisse.</strong></span> <span class='ocrx_word' id='word_1_291' title='bbox 1123 3853 1218 3913; x_wconf 83' lang='lat' dir='ltr'><strong>Casus</strong></span> <span class='ocrx_word' id='word_1_292' title='bbox 1236 3863 1339 3915; x_wconf 82' lang='lat' dir='ltr'><strong>sutem</strong></span> 
     </span>
     <span class='ocr_line' id='line_1_37' title="bbox 254 3949 1340 4038; baseline 0.001 -27"><span class='ocrx_word' id='word_1_293' title='bbox 254 3949 374 4011; x_wconf 86' lang='lat' dir='ltr'><strong>efficere</strong></span> <span class='ocrx_word' id='word_1_294' title='bbox 405 3972 466 4012; x_wconf 91' lang='lat' dir='ltr'><strong>non</strong></span> <span class='ocrx_word' id='word_1_295' title='bbox 503 3953 602 4034; x_wconf 91' lang='lat' dir='ltr'><strong>potuit</strong></span> <span class='ocrx_word' id='word_1_296' title='bbox 628 3965 665 4015; x_wconf 89' lang='lat' dir='ltr'><strong>ut</strong></span> <span class='ocrx_word' id='word_1_297' title='bbox 690 3977 759 4038; x_wconf 86' lang='lat' dir='ltr'><strong>pars</strong></span> <span class='ocrx_word' id='word_1_298' title='bbox 788 3966 937 4038; x_wconf 78' lang='lat' dir='ltr'><strong>superstes</strong></span> <span class='ocrx_word' id='word_1_299' title='bbox 969 3954 1068 4035; x_wconf 88' lang='lat' dir='ltr'><strong>operis</strong></span> <span class='ocrx_word' id='word_1_300' title='bbox 1098 3953 1185 4013; x_wconf 91' lang='lat' dir='ltr'><strong>initio</strong></span> <span class='ocrx_word' id='word_1_301' title='bbox 1216 3973 1251 4013; x_wconf 88' lang='lat' dir='ltr'><strong>ac</strong></span> <span class='ocrx_word' id='word_1_302' title='bbox 1278 3951 1340 4012; x_wconf 80' lang='lat' dir='ltr'><strong>line</strong></span> 
     </span>
     <span class='ocr_line' id='line_1_38' title="bbox 253 4050 1338 4145; baseline 0.005 -33"><span class='ocrx_word' id='word_1_303' title='bbox 253 4053 386 4113; x_wconf 84' lang='lat' dir='ltr'><strong>tnmcati</strong></span> <span class='ocrx_word' id='word_1_304' title='bbox 411 4052 554 4136; x_wconf 89' lang='lat' dir='ltr'><strong>inciperet</strong></span> <span class='ocrx_word' id='word_1_305' title='bbox 581 4053 634 4116; x_wconf 90' lang='lat' dir='ltr'><strong>ubi</strong></span> <span class='ocrx_word' id='word_1_306' title='bbox 655 4054 778 4118; x_wconf 89' lang='lat' dir='ltr'><strong>Priscus</strong></span> <span class='ocrx_word' id='word_1_307' title='bbox 798 4050 995 4117; x_wconf 76' lang='lat' dir='ltr'><strong>substiterats</strong></span> <span class='ocrx_word' id='word_1_308' title='bbox 1031 4055 1134 4137; x_wconf 78' lang='lat' dir='ltr'><strong>itaque</strong></span> <span class='ocrx_word' id='word_1_309' title='bbox 1154 4073 1274 4122; x_wconf 65' lang='lat' dir='ltr'><strong>necem</strong></span> <span class='ocrx_word' id='word_1_310' title='bbox 1294 4059 1338 4145; x_wconf 66' lang='lat' dir='ltr'><strong>et}</strong></span> 
     </span>
    </p>
   </div>
   <div class='ocr_carea' id='block_1_5' title="bbox 269 4222 1051 4299">
    <p class='ocr_par' dir='ltr' id='par_1_5' title="bbox 269 4222 1051 4299">
     <span class='ocr_line' id='line_1_39' title="bbox 269 4222 1051 4299; baseline -0.006 -19"><span class='ocrx_word' id='word_1_311' title='bbox 269 4225 317 4299; x_wconf 64' lang='grc'><strong>46)</strong></span> <span class='ocrx_word' id='word_1_312' title='bbox 337 4225 434 4280; x_wconf 81' lang='lat' dir='ltr'><strong>Suidas</strong></span> <span class='ocrx_word' id='word_1_313' title='bbox 457 4245 477 4280; x_wconf 84' lang='lat' dir='ltr'><strong>s.</strong></span> <span class='ocrx_word' id='word_1_314' title='bbox 495 4243 518 4281; x_wconf 78' lang='lat' dir='ltr'><strong>v.</strong></span> <span class='ocrx_word' id='word_1_315' title='bbox 536 4222 668 4296; x_wconf 68' lang='grc' dir='ltr'><strong>Μάλχος.</strong></span> <span class='ocrx_word' id='word_1_316' title='bbox 737 4223 988 4298; x_wconf 60' lang='lat' dir='ltr'><strong>spatiosiorem.</strong></span> <span class='ocrx_word' id='word_1_317' title='bbox 1010 4228 1051 4296; x_wconf 75' lang='lat'><strong>7⁸·</strong></span> 
     </span>
    </p>
   </div>
   <div class='ocr_carea' id='block_1_6' title="bbox 0 0 1530 4892">
    <p class='ocr_par' dir='ltr' id='par_1_6' title="bbox 0 0 1530 4892">
     <span class='ocr_line' id='line_1_40' title="bbox 0 0 1530 4892; baseline 0 12"><span class='ocrx_word' id='word_1_318' title='bbox 0 0 1530 4892; x_wconf 95' lang='lat' dir='ltr'><strong> </strong></span> 
     </span>
    </p>
   </div>
  </div>
 </body>
</html>
