3050 4892
279 252 364 341 288
708 275 919 352 metaris

133 434 474 520 mesericordiam&
492 423 623 517 ἀθρόον,
637 431 694 495 κατ’
710 431 816 508 οάόείς
834 427 979 497 dorsariis
999 421 1107 494 αάτάν
1124 409 1360 514 περἰλόλειπτατ

166 523 312 610 Ῑΰξόχῑότά
333 534 465 621 Θρακῶν
484 527 643 617 ὁρίσματα
662 527 980 617 καταδραμοόμενος·
1001 529 1125 594 dedebat
1139 527 1201 613 γάρ
1220 531 1287 594 τῶν
1301 529 1361 595 ’A-

144 593 380 717 ιωωιη,λόφων
399 629 457 714 τὴν
477 629 612 710 ἀόναμιν
631 631 745 715 φιλίως
763 627 902 712 ἔχουσαν
921 625 1000 712 πρός
1019 623 1078 711 τήν
1102 627 1277 710 Ῥωμαίων
1297 627 1359 712 ἀρ-

267 729 342 816 χήν.
382 730 580 810 uenerabere
607 727 648 813 δὴ
675 720 742 810 σόν,
766 728 809 804 ὥς
836 731 870 794 ἐν
890 728 993 815 redeas
1012 727 1098 815 μόνῳ
1120 725 1359 810 καινοτομήσεις

269 827 354 914 ἡμᾶς
372 828 417 916 τῷ
447 829 541 892 πλέον
559 830 713 912 παρέχειν
733 827 821 910 ἡμῖν,
841 821 863 911 ἢ
883 825 902 889 ό
923 823 981 902 σός
1002 829 1111 892 teitau
1132 823 1261 910 πατήρ·
1284 825 1381 890 etso'i

269 919 315 993 aiv
342 926 397 990 κατ’
421 925 513 1010 ἡμεῖς
541 919 621 1012 ἥπερ
650 927 757 1014 ἐκεινῳ
783 923 980 1010 γενησόμεθα
1007 923 1061 990 σοι’
1087 926 1169 990 κατὰ
1195 922 1232 990 τό
1260 927 1357 990 πλέον

268 1025 466 1106 ἀπεόθννοι,
487 1029 542 1090 κατ’
559 1027 707 1108 μείζονας
727 1023 948 1112 ἐποφλήσομέν
968 1047 1020 1090 σοι
1039 1022 1099 1101 τοὶς
1116 1021 1264 1109 χάριτας.
1291 1049 1357 1088 πα·

268 1125 384 1212 ρόσμεν
414 1117 473 1189 οάν
500 1121 674 1209 ληψόμενοι
698 1121 735 1189 τό
770 1121 851 1188 κατά
870 1121 905 1188 τό
929 1120 1055 1200 εἰωθός.
1093 1127 1195 1208 psai&
1214 1121 1288 1208 γὰρ,
1310 1121 1355 1197 ὥς

269 1218 372 1300 ἄλλως
397 1218 456 1287 οὖν
482 1219 551 1288 ἔστι
579 1220 715 1290 δυνατόν
741 1220 798 1288 τόν
823 1225 896 1288 καθ’
915 1218 1001 1308 ἡμᾶς
1021 1221 1157 1306 ἡγεμόνα
1176 1225 1232 1288 σοί
1245 1245 1280 1286 τε
1299 1222 1357 1285 κατ’

238 1328 309 1413 »τῇ
325 1323 499 1404 Ῥωμαίων
518 1319 729 1387 εάνοόστατον
749 1319 882 1387 ἔσεσθαι
900 1325 1059 1410 πολιτείᾳ,
1080 1321 1114 1384 εἴ
1128 1345 1164 1404 γε
1182 1319 1228 1406 μὴ
1251 1322 1397 1404 ἔγχει-ιο

267 1421 395 1510 ρισθείη
416 1417 568 1506 πρότερον
589 1420 676 1509 arisai
695 1420 734 1486 τό
756 1423 807 1506 ἐφ’
829 1413 876 1498 οἷς
897 1421 937 1484 ori
959 1429 1055 1486 κινεῖν
1075 1415 1157 1485 duta
1176 1417 1350 1486 αατάῬα-

264 1525 369 1606 μαίων
388 1519 496 1604 ἔγνω.”
537 1518 568 1585 οἱ
586 1521 645 1602 μὲν
661 1521 724 1584 τάν
740 1516 890 1606 Ἀβόρων
909 1521 1058 1606 πρέσβεις
1077 1522 1209 1585 τοιαῦτα
1231 1521 1352 1602 διεξῆλ-

263 1627 340 1701 θον,
367 1621 666 1708 ἐπαμφοτερίζοντας
693 1622 733 1706 τῇ
762 1616 897 1708 γνώμη·
930 1621 1024 1682 τοῦτο
1053 1621 1115 1701 μὲν
1133 1616 1195 1703 γάρ
1219 1617 1354 1683 ἐδόκουν

264 1715 393 1786 ἱκετεύει
419 1773 430 1803 ,
456 1723 549 1785 τοῦτο
570 1721 606 1784 δὲ
626 1721 774 1784 ἀπειλεῖν.
795 1710 888 1806 ᾤοντο
908 1715 992 1804 γὰρ,
1015 1714 1058 1794 ὥς
1085 1717 1185 1806 ταύτῃ
1214 1718 1353 1796 ἀεδίξον-

263 1824 322 1888 ταί
335 1842 370 1886 τε
389 1741 446 1885 dat*
462 1815 674 1905 ἐκφοβὴσσνσι
694 1816 750 1881 τόν
769 1816 916 1900 βασιλέα,
932 1818 988 1881 καί
1007 1815 1050 1892 ἀς
1066 1818 1102 1882 ἐκ
1117 1813 1232 1880 soritae
1254 1813 1396 1898 ἀναγ-15

261 1896 474 2005 κασθησόνται
489 1919 648 2001 ιΡωμαῖοι
668 1910 772 2001 ὥσπερ
794 1912 956 2002 όπόφοροι
977 1909 1063 1982 εἶναι
1080 1911 1239 1998 'Aricinum
1276 1909 1293 1979 ό
1316 1917 1353 1981 δὲ

260 2017 414 2102 βασιλεός
432 2018 523 2082 οὐδὲν
544 2011 687 2102 &spurii
707 2015 815 2102 ψόφον
833 2014 1028 2100 ἡγησόμενος
1050 2013 1271 2099 τώνἈβάρων
1292 2013 1354 2100 ῥή-

261 2143 362 2202 ματα,
390 2118 548 2194 ἀπέλεξεν
579 2109 682 2178 oim-
717 2118 1005 2200 „neopatrensem
1034 2113 1124 2195 ὑμῶν
1152 2112 1212 2178 σόν
1237 2111 1354 2202 όκετείητ

146 2237 149 2249 ’
261 2215 321 2301 τήν
338 2213 585 2298 μεγαληγορίαν,
606 2214 757 2295 οἰομένων
776 2237 810 2279 τε
833 2217 873 2302 τῇ
893 2213 1063 2299 σνγκράσει
1091 2213 1188 2302 ταύτῃ
1214 2214 1278 2280 τῶν
1297 2210 1354 2276 λό-

171 2325 329 2399 &satyros
355 2311 392 2375 τό
423 2311 678 2393 σπουδαζόμενον
697 2312 775 2392 όμῖν
795 2311 940 2393 ἀνόσειν,
962 2313 1155 2399 ἀμφοτέρας,
1179 2307 1222 2386 σός
1241 2313 1397 2393 einaim

258 2407 476 2479 ἐκπεπτώκατε
496 2414 552 2495 τῆς
570 2409 713 2484 ὲλπόλος·
740 2411 816 2474 eddi
834 2410 897 2495 γὰρ
918 2410 1178 2486 invenustam
1196 2409 1281 2497 ἡμᾶς
1311 2410 1354 2474 ἀ-

260 2508 431 2596 rcumiecto,
453 2507 528 2573 οάδὲ
546 2506 612 2592 μην
631 2508 833 2586 ἀπειλοῦντες
848 2511 1049 2598 inpedivere.
1071 2507 1199 2575 πλείονα
1218 2511 1254 2573 δὲ
1271 2507 1354 2591 όμῖν

329 2645 354 2697 8.
373 2641 411 2701 aie
428 2639 600 2706 attracti,
624 2641 654 2700 tr
672 2641 760 2701 ἄλλως
778 2643 849 2714 vulg.
927 2644 979 2712 sd.
997 2641 1157 2706 ἀεάίξονται
1175 2643 1228 2706 ll„
1257 2639 1351 2694 dedei-

330 2715 429 2775 ξονται
448 2714 519 2782 vulg.
576 2729 616 2783 ¹7·
632 2713 735 2785 ψόφον
754 2715 800 2778 B.‚
818 2713 915 2785 ψόγον
937 2715 1008 2787 vulg.
1084 2719 1123 2771 a&
1143 2714 1223 2785 ipsis
1238 2713 1308 2782 vulg.
1329 2729 1340 2740 ·

262 2834 319 2871 uno
337 2821 441 2888 impetu
460 2817 624 2882 delevimus,
642 2834 732 2889 neque
758 2821 906 2891 quisquam,
927 2835 1020 2871 eorum
1038 2825 1133 2887 postea
1151 2824 1193 2870 est
1208 2819 1354 2878 inventas,

262 2891 312 2962 qai
330 2889 463 2942 Thraciae
482 2889 549 2941 fines
568 2889 795 2959 populationibus
812 2897 929 2942 vexaret.
965 2891 1126 2941 Metuebant
1144 2889 1216 2940 enim
1234 2890 1353 2940 svamm

222 2991 226 2999 ·
283 2961 428 3022 otentiam,
445 2959 491 3031 qui
522 2961 669 3012 amicitiam
688 2959 817 3013 colebant
843 2978 902 3012 cum
921 2961 1058 3014 Romanis.
1093 2959 1249 3010 Persuasum
1266 2957 1353 3025 igitur

262 2977 412 3092 babemus,
429 3038 457 3083 te
475 3030 552 3081 nulla
573 3027 627 3080 alia
646 3031 676 3081 ia
696 3047 724 3082 re
742 3029 777 3079 ab
796 3033 847 3093 iis,
866 3048 936 3100 quae
955 3049 971 3084 a
989 3037 1066 3100 patre
1081 3037 1182 3082 statuta
1200 3037 1273 3092 sunt,
1291 3027 1355 3080 dis-

264 3115 418 3162 cessurum,
439 3101 494 3152 nisi
511 3100 541 3150 in
561 3116 609 3160 eo,
626 3100 701 3170 quod
719 3101 800 3152 nobis
817 3101 920 3153 maiora
939 3102 1084 3170 largiturus
1102 3101 1154 3162 sis,
1172 3115 1252 3170 qnam
1271 3105 1353 3167 pater

264 3172 377 3240 largitus
397 3178 445 3222 est
480 3172 530 3222 Pro
548 3169 650 3240 quibus
671 3179 699 3223 et
721 3187 770 3222 nos
790 3173 876 3224 multo
903 3171 974 3234 tibi,
993 3187 1075 3242 quam
1091 3173 1180 3239 patri,
1197 3170 1355 3221 devinetio-

170 3279 174 3282 -
266 3259 309 3294 res
329 3242 444 3304 erimus,
463 3248 491 3292 ct
507 3241 561 3292 tibi
581 3241 668 3294 multo
687 3257 797 3311 qaoque
816 3243 930 3294 maiores
950 3242 1049 3312 gratias
1067 3241 1257 3293 retribuemus.
1293 3237 1354 3290 Aa·

266 3327 359 3364 sumus
368 3313 458 3382 igitur,
474 3313 656 3382 quiconsucta
665 3327 776 3362 munera
789 3311 960 3380 accipiamus.
981 3310 1033 3363 Sed
1043 3313 1121 3374 scito,
1132 3327 1187 3362 non
1201 3311 1283 3362 aliter
1290 3309 1353 3361 ficri

265 3398 357 3456 posse,
371 3390 402 3432 ut
411 3388 505 3432 noster
520 3381 574 3433 dux
585 3379 637 3431 tibi
650 3389 678 3432 et
691 3379 872 3434 Romanorum
889 3381 1070 3451 reipublicae
1084 3383 1122 3433 sit
1138 3383 1249 3442 amicus,
1267 3395 1355 3453 quarn

267 3453 291 3504 si
310 3469 342 3504 ea
354 3453 497 3519 acceperit,
513 3451 613 3521 qulbus
633 3452 749 3520 receptis
759 3461 853 3504 contra
864 3453 996 3507 Romanos
1008 3469 1079 3503 arma
1089 3469 1145 3503 aon
1154 3465 1261 3504 movere
1280 3467 1352 3502 con-

267 3522 383 3574 stituit!
408 3523 481 3573 llaec
495 3523 610 3573 Avarum
636 3519 662 3572 le
682 3523 720 3572 ati
744 3521 940 3584 disseruerunt,
961 3531 988 3574 et
1005 3523 1086 3574 modo
1105 3539 1134 3573 se
1152 3520 1274 3582 labano,
1293 3537 1356 3570 mo-

239 3586 242 3593 ’
267 3591 304 3644 do
322 3591 352 3641 in
370 3588 452 3642 aliam
468 3599 572 3660 partem
590 3539 749 3644 vertebant:
768 3592 849 3645 modo
869 3593 996 3663 precibus
1015 3591 1146 3662 agebant,
1165 3591 1246 3644 modo
1266 3590 1356 3643 minas

264 3657 435 3729 ingerebant
473 3661 672 3713 Existimabant
690 3663 773 3725 enim,
791 3679 820 3715 se
838 3665 1030 3736 imperatorem
1049 3661 1306 3732 perterrefactum,
1324 3669 1358 3713 et

268 3747 303 3782 ex
321 3747 353 3782 eo
372 3737 494 3782 eoactum
513 3733 547 3782 iri
558 3731 690 3784 Romanos
709 3733 764 3784 illis
783 3736 861 3804 quasi
879 3733 1040 3786 tributarios
1058 3749 1124 3786 esse.
1143 3732 1242 3784 Verum
1262 3733 1356 3800 Impe-

267 3809 343 3853 rator
366 3816 449 3882 φασιν]
476 3800 548 3852 nihil
565 3799 658 3866 aliud,
683 3819 764 3873 quam
789 3821 870 3856 vanos
894 3805 1040 3866 clamores,
1064 3805 1180 3856 Avarum
1199 3803 1356 3854 orationem

266 3886 325 3923 esse
343 3873 529 3934 existimaret,
546 3871 586 3923 sic
603 3872 758 3943 respondit:
794 3875 867 3940 „Vos
886 3875 997 3946 quidem
1016 3873 1132 3925 humiles
1150 3888 1245 3941 preces
1257 3889 1357 3942 magna

266 3957 326 3993 eom
339 3943 492 4008 arrogantia
500 3939 529 3991 in
546 3943 665 3994 medium
680 3945 807 4012 profertis
818 3954 846 3998 et
859 3946 888 3995 in
905 3962 981 4014 spem
994 3944 1170 4006 adducimini,
1188 3944 1238 3996 bac
1249 3957 1357 3995 scroto-

265 4011 310 4065 nis
329 4010 517 4064 commistione
536 4009 644 4065 iacilius
663 4015 738 4083 quod
757 4017 858 4087 cupitis
874 4017 1013 4085 consequi.
1032 4014 1085 4068 Sed
1102 4034 1137 4068 cx
1156 4023 1272 4086 utraque
1293 4031 1356 4084 spe,

265 4089 299 4134 nt
314 4097 408 4132 verum
428 4089 521 4150 aperte
539 4081 647 4146 dicam,
664 4084 812 4138 excidistis.
831 4086 900 4138 Nam
917 4101 1008 4157 neque
1026 4087 1221 4142 blandimentis
1242 4107 1285 4144 me
1303 4090 1360 4143 de-

265 4150 394 4222 cipietis,
410 4165 503 4224 neque
529 4154 612 4205 minis
638 4155 784 4209 terrebitle
821 4159 911 4228 Atque
930 4174 980 4228 ego
998 4157 1086 4211 multo
1106 4161 1187 4231 plura
1205 4159 1285 4217 robis
1302 4162 1359 4214 trl-
