3050 4892
333 369 388 431 DE
414 363 631 428 uacuum
659 363 935 428 OEGATIONUM.
1064 357 1171 430 XXXV

92 527 206 594 malea
228 521 328 586 Paulo
348 523 486 584 Diacono
508 521 566 583 sub
590 521 757 583 Iustiniana
778 523 914 604 principe
932 521 1004 604 poni
1026 537 1172 608 oppam,

93 625 323 706 absolutnmcpre
352 621 444 682 fuisse
468 641 611 703 magnum
631 621 844 702 grammaticae
871 642 979 703 corpus
1004 638 1075 689 ante
1100 629 1170 692 Cos.

95 727 301 802 Mavortiam,
325 743 354 782 a.
378 719 472 803 bap:
498 721 609 803 quippe
634 741 695 802 quo
716 717 840 780 consule
859 721 951 782 codex
978 726 1059 787 unde
1077 734 1175 794 nostri
1232 763 1236 770 ι
1357 765 1364 781 .

94 827 218 888 derivati
250 832 340 896 sunt,
374 819 592 900 subscriptione
614 827 716 899 teste,
740 821 871 902 scriptus
890 821 948 901 sit,
976 843 1032 906 per
1057 825 1172 894 litteras

93 947 141 986 me
158 924 277 984 monuit
295 918 336 982 cl.
359 917 596 979 Lindemannus.

172 1023 221 1083 De
227 1023 362 1082 carmine
369 1066 379 1096 ,
394 1019 518 1100 eiusque
531 1018 634 1078 codice
644 1018 736 1077 unico
749 1016 890 1077 Bobiensi
902 1019 1054 1084 Viennam
1067 1025 1172 1110 allato,

99 1145 132 1186 ex
150 1143 214 1206 quo
226 1119 392 1180 Claudium
411 1117 615 1196 Sacerdotem,
638 1115 773 1198 aliosque
790 1115 828 1176 de
835 1117 1038 1184 Grammatico
1059 1123 1172 1202 libros,

96 1222 204 1284 aviris
227 1217 352 1302 egregiis
373 1217 611 1298 doctissimisque
630 1214 815 1298 flagitamus,
848 1237 940 1297 penes
968 1241 1045 1302 quos
1067 1245 1173 1288 eorum

94 1319 279 1383 edendorum
301 1320 349 1377 ius
369 1327 432 1394 est,
455 1327 485 1376 et
504 1315 632 1377 ornandi
653 1313 810 1397 splendida
830 1314 966 1391 facultas,
980 1343 1089 1383 -cur
1106 1337 1175 1408 post

95 1420 130 1484 cl.
148 1415 370 1484 Endlichcrum
389 1413 468 1478 nihil
490 1413 635 1494 offatm,
655 1415 716 1475 iam
734 1435 827 1496 supra
841 1418 1009 1497 expositum
1029 1432 1085 1482 est.

175 1741 401 1824 Excerptomm
420 1735 460 1798 de
483 1735 699 1820 legationibus,
722 1728 800 1821 quae
819 1745 1038 1824 grammaticis,
1065 1751 1175 1832 quibu,

94 1843 137 1904 rei
168 1861 242 1901 cura
272 1860 290 1899 a
318 1837 516 1898 Constantino
544 1835 806 1920 Porphymgenito
836 1842 979 1903 mandata
1006 1857 1051 1907 est
1065 1849 1178 1934 ,περὶ

95 1939 280 2022 πρέσβεων,
302 1957 363 1998 non
384 1955 458 2017 περι
451 1929 671 2017 πρεσβειῶν,
693 1937 857 1997 inscribere
876 1938 1008 2020 placuit,
1028 1951 1179 2014 rationem

95 2039 263 2122 explicare,
291 2057 390 2118 neque
418 2031 549 2095 alienum
575 2035 633 2094 erit
664 2054 683 2092 a
711 2036 866 2116 prooemio
886 2035 977 2098 huius
995 2043 1178 2130 voluminis,

94 2141 178 2199 cidus
206 2157 277 2220 pars
304 2133 393 2216 longe
420 2135 550 2194 maxima
578 2154 613 2194 ex
644 2129 704 2194 illis
731 2142 866 2195 constat.
902 2155 1001 2220 neque
1023 2143 1177 2228 otiosum,

94 2258 207 2320 quum,
236 2235 338 2297 nescio
357 2254 420 2318 quo
439 2254 528 2306 casu,
562 2233 741 2309 anemine,
778 2241 927 2316 quantum
953 2237 1028 2301 mihi
1054 2245 1179 2326 quidem

91 2336 245 2415 innotuit,
265 2333 356 2418 plene
376 2342 531 2416 perspecta
551 2332 601 2392 ait.

153 2435 217 2497 leta
226 2444 363 2515 excerpta
377 2431 471 2494 edidit
484 2429 680 2494 Hoescbelius
692 2453 710 2494 e
720 2432 841 2494 duobus
854 2433 1008 2500 codicibus
1022 2462 1031 2500 ε
1048 2441 1177 2528 schotti,

91 2555 181 2618 quem
201 2553 286 2593 nunc
305 2529 416 2592 nullibi
436 2552 610 2615 comparere
631 2531 692 2592 dixi
712 2553 823 2614 eupra3
846 2543 876 2593 et
895 2534 1064 2612 Bavarico‚
1086 2564 1179 2624 quem

92 2633 221 2694 Boicum
240 2641 355 2710 vocat,
384 2631 490 2714 quiin
513 2633 686 2692 Monacensi
707 2631 891 2692 bibliotheca
910 2637 993 2716 regia
1015 2650 1129 2717 exstat,
1159 2666 1179 2706 a

91 2730 402 2814 Schweighaeuscro,
422 2751 455 2790 v.
478 2727 540 2808 cl.,
563 2729 602 2791 ed
618 2729 795 2814 Appianum
815 2730 1038 2816 Polybiumque
1057 2720 1179 2802 adhibiss

92 2843 159 2894 tus:
174 2851 282 2894 eorum
294 2841 395 2890 autem
407 2829 482 2890 haec
495 2830 624 2892 invicem
636 2832 713 2891 ratio
728 2841 805 2905 erat,
818 2841 853 2892 ut
860 2830 1042 2895 Schottanus
1055 2839 1179 2919 quidem

93 2932 195 2992 omnia
208 2928 458 3011 complecteretur
470 2974 479 3006 ,
493 2950 512 2989 a
524 2929 670 2988 Bavarico
682 2929 827 3010 praelatio
839 2975 848 3002 ,
871 2939 962 3011 atque
974 2931 1026 2993 illa
1041 2935 1180 3000 alemant

93 3051 169 3113 quae
192 3027 293 3090 editor
309 3039 428 3088 tantum
450 3048 467 3087 e
481 3027 596 3088 Schotti
613 3027 715 3088 codice
735 3027 873 3104 sedare,
897 3031 930 3090 in
947 3031 1073 3095 elencho
1088 3057 1181 3118 quem

95 3139 163 3210 post
176 3127 397 3189 dedicationem
414 3129 537 3209 posuit,
559 3126 729 3208 profitetur.
756 3127 836 3187 Sunt
848 3139 948 3190 autem
968 3129 1019 3192 illa
1040 3154 1102 3192 noa
1125 3135 1181 3204 ad÷

95 3229 334 3288 ditamentorum
355 3225 442 3304 loco,
464 3236 499 3286 ut
518 3225 652 3286 codicem
663 3227 842 3287 Bavaricum
863 3225 981 3288 librarii
1001 3228 1116 3292 desidia
1134 3244 1182 3294 tot

93 3327 235 3409 capitulis
264 3325 437 3386 mutilatum
456 3325 547 3386 fuisse
566 3325 688 3386 credere
708 3328 820 3408 possis,
847 3346 955 3386 verum
974 3327 1014 3386 ab
1035 3327 1083 3389 his
1103 3353 1181 3415 qum

93 3425 144 3488 ille
173 3425 268 3488 babet
296 3437 453 3508 separata,
487 3424 651 3508 eodemque
679 3427 785 3486 ordine
805 3448 823 3485 a
843 3424 914 3486 libri
945 3425 1032 3486 initio
1057 3428 1180 3495 adeius

92 3525 185 3587 finem
212 3525 469 3608 progrediuntur3
491 3535 582 3606 atque
601 3523 660 3586 hoc
681 3527 760 3586 inter
773 3547 805 3586 se
818 3523 961 3585 differunt
980 3527 1081 3608 quod,
1101 3553 1180 3613 quae

92 3627 123 3685 in
145 3626 295 3686 Bavarico
314 3635 449 3705 exstant,
470 3623 509 3684 de
528 3623 726 3706 legationibus
746 3623 786 3685 ad
799 3625 953 3684 Romanos
964 3627 1061 3687 missis
1074 3642 1181 3711 agunt,

92 3746 172 3808 quae
183 3723 226 3786 ab
240 3723 295 3785 illo
310 3725 438 3798 abeunt,
460 3722 539 3783 de''
518 3743 557 3784 us
575 3743 650 3806 quas
662 3725 794 3784 Romam
804 3723 844 3784 ad
855 3722 1003 3786 Barbaros
1021 3729 1180 3791 miserunt

94 3825 293 3910 Quapropter
302 3823 394 3884 codex
408 3821 459 3884 dle
467 3841 540 3904 περι
557 3817 720 3902 πρέσβεων
740 3820 845 3882 ἐθνῶν
867 3820 1084 3908 (νείἐθνικῶν)
1104 3823 1183 3909 πρὸς

89 3919 278 4004 Ῥωμαίους
308 3923 481 3985 inscribitur
494 3919 555 4002 ⁵⁶),
575 3921 721 4003 praefatio
753 3929 856 3983 autem
883 3943 962 4004 quae
984 3923 1036 3984 illa
1061 3927 1185 4039 respicit

93 4045 171 4105 quae
192 4024 313 4086 Schotti
334 4025 426 4085 codex
446 4021 528 4084 solus
549 4020 713 4104 praebuit,
741 4019 864 4081 titulum
888 4023 1021 4083 XXVll.
1026 4025 1183 4106 ,eiusque

94 4123 252 4186 nrbsicm
281 4118 358 4204 napi
381 4121 542 4204 πρέσβεων
563 4113 736 4197 Ῥωμαίων
758 4114 837 4201 πρὸς
866 4116 1012 4194 ἐθνικούς
1040 4123 1185 4186 emine:

111 4262 162 4339 ⁵⁶)
183 4267 336 4341 seweina
355 4270 441 4340 puer.
461 4269 496 4320 aa
514 4269 545 4323 r.
563 4269 601 4322 ιι.
623 4267 862 4339 Polybitp.xv1.
