3050 4892
251 194 287 301 ⁸.
327 178 371 242 rs
398 174 584 245 acnuam
613 174 794 243 cnunrnr
812 179 960 245 ssimi.
1101 158 1187 247 583

61 326 186 389 editis
224 334 419 414 manuscrip'
480 353 497 394 e
522 332 687 396 codicibus.
731 334 909 399 Damascim
932 338 964 397 in
990 338 1052 415 vita
1077 338 1186 403 Isidori

69 410 285 495 Philosophi
311 415 450 477 Armenio
473 438 527 477 um
549 427 661 495 vocat,
678 416 836 500 docetque,
862 420 1014 483 Severiani
1042 422 1186 487 adversus

67 494 260 593 Zenonem
283 499 521 561 coniurationem
548 500 588 559 ab
612 521 648 561 eo
674 500 766 562 fuisse
787 501 958 564 demetam:
988 502 1185 585 Ἀρμερίχου

67 576 150 637 τοῦ
191 580 345 662 Ασαερος
365 578 480 653 παιδὸς
500 574 671 656 ἐξειπόντος
689 579 746 662 τὴν
767 584 967 659 normannici
985 587 1028 669 τηῑ
1049 580 1185 667 Ζήνωνι.
1247 602 1255 614 ·

72 659 250 723 Basiliam
278 674 309 723 et
331 662 576 727 Hermenericum
601 666 688 726 Coss.
713 688 793 727 anno
820 668 933 729 Christi
960 668 1032 744 465.
1056 672 1187 752 assignat

72 743 301 807 Marcellinus
319 748 447 809 Comesz
477 748 701 809 Herminericus
726 749 838 810 dicitur
861 751 1059 830 Cassiodoro‚
1089 753 1220 815 Fastisl’.
1241 765 1290 819 τοῦ

76 845 174 887 vero
191 828 302 891 Siculis
323 832 386 891 sive
404 832 558 891 Chronico
573 828 781 892 'Alexandrino
813 826 1050 912 Ἀρμενάριχος.
1087 834 1189 902 Theo·

81 908 222 991 phanes
237 914 269 971 in
291 913 405 973 Chron.
426 914 638 975 Armenarichi
662 913 751 975 huius
769 936 830 975 uon
853 918 1000 975 meminit.

184 994 327 1076 Pagus.
342 997 378 1055 C.
394 995 483 1079 [47ss
499 995 544 1078 8.]
557 998 707 1060 Zenonem
722 999 796 1059 data
811 998 953 1059 Ariadne
957 999 1036 1083 filia
1048 1022 1187 1081 genemm

83 1075 235 1137 adscivit
249 1092 279 1139 et
299 1081 333 1139 in
361 1079 482 1140 Oriente
505 1081 608 1139 diuam
628 1083 773 1141 exercitur
794 1083 919 1141 creavit.
964 1084 1029 1141 lam
1051 1084 1091 1145 ab
1104 1107 1187 1147 anno

83 1158 215 1220 Leonis
242 1161 322 1243 lmp.
347 1167 474 1243 septimo
497 1162 697 1244 Theophanes
724 1165 876 1223 Zenonem
908 1186 1051 1245 generum
1077 1168 1188 1229 Leonis

85 1242 237 1340 appellat
262 1257 294 1304 et
326 1246 359 1305 in
393 1246 550 1306 Orientem
580 1246 705 1317 missum
733 1247 859 1307 scribit:
883 1246 979 1307 Λέων
997 1242 1014 1305 o‘
1035 1246 1187 1325 βασιλεὺς

90 1326 242 1402 Ζηνωνα
262 1321 318 1387 τὸν
336 1323 480 1407 γαμβρὸν
501 1319 602 1388 nitori
630 1323 801 1407 capuensis
823 1327 876 1406 τῆς
906 1321 986 1410 ἑῴας
1009 1326 1111 1411 πάσης
1131 1353 1187 1391 ns-

91 1407 214 1487 ποίηκε
236 1420 306 1484 etc„
329 1432 407 1491 quae
425 1413 468 1471 sic
482 1411 590 1471 Latine
617 1411 749 1471 reddidit
781 1410 957 1471 Anastasius
984 1412 1126 1473 Biblioth.
1153 1418 1186 1476 in

95 1490 187 1551 Hist.
208 1492 293 1553 Eccl.
309 1514 340 1574 p.
362 1490 415 1571 44.
435 1494 510 1553 edit.
532 1495 667 1573 Lupum,
695 1516 773 1575 quae
794 1494 851 1555 sub
878 1494 981 1576 praelo
1003 1495 1098 1557 calet:
1124 1496 1189 1559 Per

91 1574 182 1635 alem
207 1590 322 1657 tempus
351 1577 412 1637 leo
436 1576 519 1661 Imp.
545 1578 706 1650 Zenonem,
730 1599 871 1658 generum
895 1600 986 1652 sesnin,
1009 1579 1186 1659 libigistrwn

94 1660 189 1717 totius
211 1660 341 1719 Orientis
353 1661 445 1738 secie,
471 1673 500 1719 et
518 1659 709 1736 Basiliscum,
717 1663 853 1739 fratrem
873 1660 908 1719 V
903 1663 1005 1719 erinae
1020 1660 1184 1741 Atigustae,

95 1740 284 1821 Magistrum
301 1742 449 1801 Thraciae
465 1745 620 1803 comtituit.
646 1743 730 1803 Zeno
744 1756 842 1803 niuem
862 1746 981 1803 ueniens
997 1743 1187 1805 Antiochiam
1236 1772 1239 1781 ·

97 1825 220 1885 inuenit
246 1826 281 1885 in
314 1845 351 1883 ea
378 1826 545 1909 episcopum
572 1846 689 1885 sacrum
717 1824 911 1904 Martyrium.
955 1824 1060 1885 Petne
1089 1840 1188 1887 mrtem

99 1907 260 1989 &inplens
288 1908 460 1991 sequebatur
485 1909 639 1969 Zenonem
662 1918 745 1984 etc,
767 1930 844 1989 quae
868 1908 906 1967 ad
936 1910 1186 1969 institutumno·

98 2000 202 2049 strum
226 2011 289 2050 non
315 1991 479 2070 pertinent.
522 1990 613 2051 Anno
641 2011 714 2051 vero
738 1991 873 2052 eiusdem
896 1992 1005 2051 Leonis
1034 1992 1081 2051 13.
1106 1990 1188 2053 idem

102 2072 384 2156 chronographus,
408 2084 572 2155 antequam
602 2074 725 2133 caedem
755 2072 879 2155 Asparis
908 2073 1099 2155 filiorumque
1124 2077 1188 2135 eius

99 2156 214 2217 referat
227 2202 238 2234 ,
253 2158 407 2217 Zenonem
422 2156 568 2231 similiter,
592 2177 736 2237 generum
751 2157 873 2235 Leonis,
894 2156 925 2215 in
936 2156 1098 2217 Thraciam
1116 2159 1188 2217 mis-

99 2260 173 2299 sum
193 2244 306 2301 asserit.
348 2240 527 2301 Theodorus
543 2260 663 2321 quoque
677 2242 787 2300 Lector
804 2240 858 2299 lib.
888 2260 913 2297 1.
932 2238 1009 2299 Coll.
1033 2240 1187 2301 Zenonem

101 2316 324 2402 στρατηλάτην
344 2321 400 2383 καί
417 2314 561 2401 γαμβρὸν
581 2319 635 2381 ἐπὶ
652 2317 792 2401 θυγατρὶ
805 2312 955 2403 Ἀρνὰδνη
976 2320 1032 2380 τοῦ
1048 2318 1196 2395 Λέοντος,

101 2406 249 2485 appellat,
276 2426 347 2465 eum
366 2405 558 2465 Antiochiam
574 2404 691 2465 venisse
709 2407 813 2464 asserit
832 2424 901 2463 cum
921 2404 1013 2463 Petro
1030 2404 1184 2487 Cnapheo,

101 2490 209 2570 templi
230 2500 348 2549 sanctae
367 2490 476 2549 Bassae
494 2488 654 2570 martyris,
672 2488 755 2569 quod
781 2486 970 2547 Chalcedone
992 2498 1081 2560 erat,
1116 2508 1207 2568 pres

101 2574 237 2653 sbytero.
282 2572 326 2633 At
349 2592 422 2631 vero
452 2571 606 2631 Candidus
637 2582 761 2646 noster,
790 2570 984 2631 Marcellinus
1011 2570 1188 2653 etquidem

104 2656 161 2717 alii
180 2657 299 2737 nuptias
316 2656 427 2715 Leonis
443 2675 514 2713 cum
536 2654 672 2713 Ariadna
694 2663 761 2733 post
783 2674 887 2713 necem
914 2653 1038 2733 Asparis
1066 2652 1187 2715 differre
1196 2661 1227 2715 V.
1237 2676 1287 2732 ²⁰⁷

102 2739 264 2804 videntur:
287 2738 470 2799 Susianen
491 2736 614 2820 periciam
624 2750 776 2809 erectores,
797 2738 895 2815 inquit
910 2736 1062 2809 Zonaras,
1084 2735 1186 2817 Aspa-

103 2845 170 2883 rem
187 2820 429 2883 etArdalrurium
441 2839 478 2879 ea
497 2821 597 2898 ςνττιία
619 2840 641 2877 α
658 2818 758 2879 Leorie
781 2819 964 2897 intersertos,
996 2831 1029 2877 nt
1054 2832 1187 2902 rsepotem

104 2928 149 2967 ear
175 2905 243 2984 filio
262 2905 389 2965 leonem
403 2902 553 2961 Iuniorem
575 2900 655 2981 Imp.
681 2913 811 2973 crearet,
843 2902 970 2959 veritum
989 2901 1109 2959 illorum
1128 2921 1188 2983 po-
1223 2926 1224 2929 ¹

105 2973 244 3060 anian
265 3010 303 3047 ne
320 2986 457 3070 despecta
476 2986 560 3045 Ιναίια
575 2986 706 3064 irffantia
727 2984 884 3065 imperium
908 2982 965 3041 sibi
986 2982 1184 3043 uindicarent.

189 3071 264 3153 Peg.
283 3069 329 3131 18.
344 3070 379 3129 C.
396 3066 484 3151 [474,
506 3064 567 3148 ιο.]
589 3070 673 3150 Quae
688 3069 721 3126 in
730 3066 838 3145 Africa
858 3066 983 3133 secunda
1003 3065 1187 3149 adversque

103 3157 221 3237 gesserit
247 3153 419 3213 Basilisene.
465 3152 565 3211 Huius
598 3150 788 3229 aliorumque
819 3149 932 3208 ducum
972 3146 1120 3207 infelicem
1154 3148 1186 3209 in
1223 3188 1228 3197 ·

107 3237 210 3297 Africa
224 3237 442 3319 expeditionem
466 3232 605 3314 pluribus
625 3235 655 3292 in
675 3232 826 3293 Chronico
852 3252 1032 3313 exponemus
1055 3252 1089 3291 ex
1105 3230 1184 3290 lda-

104 3324 175 3396 tio,
198 3320 393 3395 Marcellino,
421 3314 584 3376 Theodoro
603 3318 730 3377 Lectorc
754 3314 808 3374 lib.
831 3337 855 3376 r.
880 3313 1015 3386 Collect,
1035 3313 1089 3373 ubi
1108 3313 1195 3376 inter·

106 3414 220 3465 neura:
248 3401 441 3470 Βασιλίσκος
467 3395 616 3478 χρήματα
644 3392 751 3475 λαβών
772 3388 871 3457 πάντα
890 3396 1047 3475 προέδωκε
1068 3416 1186 3477 παραι-

105 3486 189 3551 νέσει
203 3476 382 3564 Ἅσααρος,
406 3483 557 3562 Procopio
579 3482 632 3541 lib.
665 3503 689 3540 r.
706 3478 877 3555 Vandalis,
893 3479 1102 3561 Theophane,
1125 3478 1186 3539 Zo-

107 3592 198 3643 nara,
229 3569 386 3643 Cedreno,
420 3566 617 3625 Constantino
647 3566 806 3639 Manasse,
848 3563 875 3622 N
880 3562 1020 3643 icephoro
1051 3561 1197 3643 aliisque„

109 3652 262 3731 Quaedam
284 3651 333 3713 hic
356 3652 387 3709 in
403 3660 589 3709 antecessum
615 3648 707 3707 verba
721 3645 915 3726 Theophanis
937 3655 1128 3726 repraesento
1150 3666 1195 3708 ex·

110 3737 176 3799 MS.
197 3746 299 3796 nostro
327 3733 467 3793 Codice:
502 3730 685 3807 ναυμαχίας
709 3725 858 3798 πολλάκις
890 3728 946 3787 τοῦ
976 3726 1006 3787 Γ
1004 3724 1185 3825 εντζερίηον

110 3814 186 3895 μετα
203 3818 266 3879 τῶν
280 3816 362 3897 νηῶν
377 3814 420 3897 τῷ
445 3812 537 3891 dedii
551 3805 732 3890 napudoris,
755 3802 824 3870 εἶτα
847 3810 902 3869 κατ’
922 3804 1020 3890 αὐτην
1040 3807 1185 3889 ηἰῐννηθη

111 3897 302 3983 Καρχηδόνα
321 3899 492 3977 κρατῆσαι,
512 3892 642 3975 decepsi
663 3893 698 3952 δὲ
718 3886 780 3953 ὑπὸ
794 3890 825 3953 Γ
823 3891 1001 3970 εντζερίχου
1025 3890 1079 3951 κατ’
1099 3890 1188 3951 ntei-

110 4006 190 4056 στοις
211 3979 356 4063 χρήμασι
376 3978 557 4051 detenditur
588 3970 710 4057 ἡττήθη
729 3968 821 4055 ἑκών,
850 3971 893 4047 αἱς
915 3969 1074 4056 Περσικὸς
1097 3974 1185 4055 (l'orte

113 4068 258 4152 Πρίσκος)
279 4058 443 4145 ἱστόρησεν
461 4056 478 4121 ὁ
503 4056 600 4146 Θρᾷξ.
