<?xml version="1.0" encoding="UTF-8"?>
<!DOCTYPE html PUBLIC "-//W3C//DTD XHTML 1.0 Transitional//EN"
    "http://www.w3.org/TR/xhtml1/DTD/xhtml1-transitional.dtd">
<html xmlns="http://www.w3.org/1999/xhtml" xml:lang="en" lang="en">
 <head>
  <title>
</title>
<meta http-equiv="Content-Type" content="text/html;charset=utf-8" />
  <meta name='ocr-system' content='tesseract 3.04.00' />
  <meta name='ocr-capabilities' content='ocr_page ocr_carea ocr_par ocr_line ocrx_word'/>
</head>
<body>
  <div class='ocr_page' id='page_1' title='image "./corpusscriptoru41niebgoog/corpusscriptoru41niebgoog_0014.png"; bbox 0 0 3050 4892; ppageno 0'>
   <div class='ocr_carea' id='block_1_1' title="bbox 285 285 943 353">
    <p class='ocr_par' dir='ltr' id='par_1_1' title="bbox 285 285 943 353">
     <span class='ocr_line' id='line_1_1' title="bbox 285 285 943 353; baseline -0.008 0"><span class='ocrx_word' id='word_1_1' title='bbox 285 292 312 353; x_wconf 82' lang='lat'>1</span> <span class='ocrx_word' id='word_1_2' title='bbox 704 285 943 352; x_wconf 73' lang='lat' dir='ltr'>PRAEFATIO.</span> 
     </span>
    </p>
   </div>
   <div class='ocr_carea' id='block_1_2' title="bbox 256 445 1374 1035">
    <p class='ocr_par' dir='ltr' id='par_1_2' title="bbox 256 445 1374 1035">
     <span class='ocr_line' id='line_1_2' title="bbox 287 445 1373 520; baseline -0.002 -18"><span class='ocrx_word' id='word_1_3' title='bbox 287 452 399 520; x_wconf 86' lang='lat' dir='ltr'>propter</span> <span class='ocrx_word' id='word_1_4' title='bbox 415 445 560 502; x_wconf 73' lang='lat' dir='ltr'><strong>amicitiam</strong></span> <span class='ocrx_word' id='word_1_5' title='bbox 587 459 642 518; x_wconf 89' lang='lat' dir='ltr'>qna</span> <span class='ocrx_word' id='word_1_6' title='bbox 667 449 807 511; x_wconf 85' lang='lat' dir='ltr'>tenemur,</span> <span class='ocrx_word' id='word_1_7' title='bbox 838 460 921 518; x_wconf 87' lang='lat' dir='ltr'>quam</span> <span class='ocrx_word' id='word_1_8' title='bbox 947 450 1061 514; x_wconf 84' lang='lat' dir='ltr'>propter</span> <span class='ocrx_word' id='word_1_9' title='bbox 1083 445 1193 499; x_wconf 82' lang='lat' dir='ltr'>unicam</span> <span class='ocrx_word' id='word_1_10' title='bbox 1207 445 1265 500; x_wconf 82' lang='lat' dir='ltr'>vim</span> <span class='ocrx_word' id='word_1_11' title='bbox 1283 452 1373 518; x_wconf 87' lang='lat' dir='ltr'>atque</span> 
     </span>
     <span class='ocr_line' id='line_1_3' title="bbox 284 546 1370 620; baseline -0.003 -15"><span class='ocrx_word' id='word_1_12' title='bbox 284 551 468 614; x_wconf 69' lang='lat' dir='ltr'>celeritatem,</span> <span class='ocrx_word' id='word_1_13' title='bbox 488 565 569 620; x_wconf 84' lang='lat' dir='ltr'>quem</span> <span class='ocrx_word' id='word_1_14' title='bbox 593 549 624 602; x_wconf 87' lang='lat' dir='ltr'>in</span> <span class='ocrx_word' id='word_1_15' title='bbox 650 546 824 602; x_wconf 68' lang='lat' dir='ltr'>recensendi»</span> <span class='ocrx_word' id='word_1_16' title='bbox 841 547 1007 601; x_wconf 83' lang='lat' dir='ltr'>Greeoornm</span> <span class='ocrx_word' id='word_1_17' title='bbox 1025 547 1104 600; x_wconf 84' lang='lat' dir='ltr'>libria</span> <span class='ocrx_word' id='word_1_18' title='bbox 1121 563 1184 600; x_wconf 88' lang='lat' dir='ltr'>cum</span> <span class='ocrx_word' id='word_1_19' title='bbox 1201 548 1370 602; x_wconf 86' lang='lat' dir='ltr'>eruditionia</span> 
     </span>
     <span class='ocr_line' id='line_1_4' title="bbox 256 649 1371 726; baseline 0 -20"><span class='ocrx_word' id='word_1_20' title='bbox 256 676 261 686; x_wconf 82' lang='lat'>=</span> <span class='ocrx_word' id='word_1_21' title='bbox 283 655 444 726; x_wconf 72' lang='lat' dir='ltr'>ingeniique</span> <span class='ocrx_word' id='word_1_22' title='bbox 456 654 559 707; x_wconf 86' lang='lat' dir='ltr'>lumine</span> <span class='ocrx_word' id='word_1_23' title='bbox 572 652 745 706; x_wconf 79' lang='lat' dir='ltr'>coniunctam</span> <span class='ocrx_word' id='word_1_24' title='bbox 753 649 872 705; x_wconf 75' lang='lat' dir='ltr'>exhibet</span> <span class='ocrx_word' id='word_1_25' title='bbox 893 651 1011 720; x_wconf 77' lang='lat' dir='ltr'>decerto</span> <span class='ocrx_word' id='word_1_26' title='bbox 1021 651 1049 703; x_wconf 89' lang='lat' dir='ltr'>ei</span> <span class='ocrx_word' id='word_1_27' title='bbox 1062 650 1140 704; x_wconf 88' lang='lat' dir='ltr'>laudi</span> <span class='ocrx_word' id='word_1_28' title='bbox 1154 651 1371 721; x_wconf 80' lang='lat' dir='ltr'>qual’olitianue</span> 
     </span>
     <span class='ocr_line' id='line_1_5' title="bbox 285 753 1374 828; baseline -0.002 -18"><span class='ocrx_word' id='word_1_29' title='bbox 285 759 391 810; x_wconf 89' lang='lat' dir='ltr'>loetum</span> <span class='ocrx_word' id='word_1_30' title='bbox 412 757 546 828; x_wconf 82' lang='lat' dir='ltr'>pictorem</span> <span class='ocrx_word' id='word_1_31' title='bbox 567 763 662 811; x_wconf 86' lang='lat' dir='ltr'>ornat:</span> <span class='ocrx_word' id='word_1_32' title='bbox 679 753 759 826; x_wconf 81' lang='lat' dir='ltr'>„plue</span> <span class='ocrx_word' id='word_1_33' title='bbox 777 753 911 807; x_wconf 86' lang='lat' dir='ltr'>nemiuem</span> <span class='ocrx_word' id='word_1_34' title='bbox 923 753 1241 825; x_wconf 78' lang='lat' dir='ltr'>potnireepingere,nec</span> <span class='ocrx_word' id='word_1_35' title='bbox 1252 755 1374 808; x_wconf 77' lang='lat' dir='ltr'>meliue”</span> 
     </span>
     <span class='ocr_line' id='line_1_6' title="bbox 284 855 1372 931; baseline -0.006 -16"><span class='ocrx_word' id='word_1_36' title='bbox 284 875 378 931; x_wconf 78' lang='lat' dir='ltr'>parem</span> <span class='ocrx_word' id='word_1_37' title='bbox 395 862 506 916; x_wconf 85' lang='lat' dir='ltr'>omnino</span> <span class='ocrx_word' id='word_1_38' title='bbox 525 859 555 914; x_wconf 91' lang='lat' dir='ltr'>iu</span> <span class='ocrx_word' id='word_1_39' title='bbox 574 868 667 914; x_wconf 78' lang='lat' dir='ltr'>nootro</span> <span class='ocrx_word' id='word_1_40' title='bbox 685 859 838 912; x_wconf 71' lang='lat' dir='ltr'>litteratum</span> <span class='ocrx_word' id='word_1_41' title='bbox 853 873 951 928; x_wconf 87' lang='lat' dir='ltr'>genere</span> <span class='ocrx_word' id='word_1_42' title='bbox 963 855 1088 911; x_wconf 70' lang='lat' dir='ltr'>teucro</span> <span class='ocrx_word' id='word_1_43' title='bbox 1104 857 1281 911; x_wconf 87' lang='lat' dir='ltr'>tribuendam</span> <span class='ocrx_word' id='word_1_44' title='bbox 1299 873 1372 922; x_wconf 77' lang='lat' dir='ltr'>enee,</span> 
     </span>
     <span class='ocr_line' id='line_1_7' title="bbox 284 947 1374 1035; baseline -0.004 -17"><span class='ocrx_word' id='word_1_45' title='bbox 284 980 382 1028; x_wconf 83' lang='lat' dir='ltr'>neruo,</span> <span class='ocrx_word' id='word_1_46' title='bbox 399 965 480 1018; x_wconf 85' lang='lat' dir='ltr'>oredo</span> <span class='ocrx_word' id='word_1_47' title='bbox 488 1001 498 1029; x_wconf 87' lang='lat'>,</span> <span class='ocrx_word' id='word_1_48' title='bbox 516 963 644 1035; x_wconf 68' lang='lat' dir='ltr'>ambiget</span> <span class='ocrx_word' id='word_1_49' title='bbox 680 963 779 1032; x_wconf 76' lang='lat' dir='ltr'>Rogati</span> <span class='ocrx_word' id='word_1_50' title='bbox 796 978 857 1015; x_wconf 87' lang='lat' dir='ltr'>eum</span> <span class='ocrx_word' id='word_1_51' title='bbox 874 962 974 1031; x_wconf 88' lang='lat' dir='ltr'>igitur,</span> <span class='ocrx_word' id='word_1_52' title='bbox 990 959 1040 1014; x_wconf 82' lang='lat' dir='ltr'>red</span> <span class='ocrx_word' id='word_1_53' title='bbox 1056 960 1170 1032; x_wconf 87' lang='lat' dir='ltr'>timide;</span> <span class='ocrx_word' id='word_1_54' title='bbox 1189 961 1296 1031; x_wconf 87' lang='lat' dir='ltr'>quippe</span> <span class='ocrx_word' id='word_1_55' title='bbox 1313 947 1374 1014; x_wconf 82' lang='lat' dir='ltr'>non</span> 
     </span>
    </p>
   </div>
   <div class='ocr_carea' id='block_1_3' title="bbox 168 1062 1447 1121">
    <p class='ocr_par' dir='ltr' id='par_1_3' title="bbox 168 1062 1447 1121">
     <span class='ocr_line' id='line_1_8' title="bbox 168 1062 1447 1121; baseline -0.002 -2"><span class='ocrx_word' id='word_1_56' title='bbox 168 1062 172 1071; x_wconf 84' lang='grc'><strong>’</strong></span> <span class='ocrx_word' id='word_1_57' title='bbox 285 1071 395 1121; x_wconf 79' lang='lat' dir='ltr'>neaeiue</span> <span class='ocrx_word' id='word_1_58' title='bbox 413 1083 476 1120; x_wconf 84' lang='lat' dir='ltr'>eum</span> <span class='ocrx_word' id='word_1_59' title='bbox 492 1066 624 1121; x_wconf 81' lang='lat' dir='ltr'>baotcnue</span> <span class='ocrx_word' id='word_1_60' title='bbox 641 1067 753 1120; x_wconf 81' lang='lat' dir='ltr'>nonuiai</span> <span class='ocrx_word' id='word_1_61' title='bbox 771 1066 878 1119; x_wconf 78' lang='lat' dir='ltr'>collatio</span> <span class='ocrx_word' id='word_1_62' title='bbox 895 1065 1037 1119; x_wconf 73' lang='lat' dir='ltr'>oodicibun</span> <span class='ocrx_word' id='word_1_63' title='bbox 1061 1065 1187 1120; x_wconf 71' lang='lat' dir='ltr'>innixum</span> <span class='ocrx_word' id='word_1_64' title='bbox 1212 1063 1303 1118; x_wconf 80' lang='lat' dir='ltr'>libroe</span> <span class='ocrx_word' id='word_1_65' title='bbox 1326 1079 1375 1117; x_wconf 89' lang='lat' dir='ltr'>re·</span> <span class='ocrx_word' id='word_1_66' title='bbox 1443 1063 1447 1069; x_wconf 87' lang='lat'>&#39;</span> 
     </span>
    </p>
   </div>
   <div class='ocr_carea' id='block_1_4' title="bbox 286 1165 1470 1239">
    <p class='ocr_par' dir='ltr' id='par_1_4' title="bbox 286 1165 1470 1239">
     <span class='ocr_line' id='line_1_9' title="bbox 286 1165 1470 1239; baseline -0.004 -16"><span class='ocrx_word' id='word_1_67' title='bbox 286 1169 436 1223; x_wconf 81' lang='lat' dir='ltr'>eeueendoa</span> <span class='ocrx_word' id='word_1_68' title='bbox 456 1167 623 1239; x_wconf 77' lang='lat' dir='ltr'>eureepirae3</span> <span class='ocrx_word' id='word_1_69' title='bbox 647 1176 677 1222; x_wconf 85' lang='lat' dir='ltr'>at</span> <span class='ocrx_word' id='word_1_70' title='bbox 692 1169 722 1222; x_wconf 92' lang='lat' dir='ltr'>in</span> <span class='ocrx_word' id='word_1_71' title='bbox 737 1167 782 1221; x_wconf 80' lang='lat' dir='ltr'>bie</span> <span class='ocrx_word' id='word_1_72' title='bbox 799 1169 965 1237; x_wconf 73' lang='lat' dir='ltr'>legationum</span> <span class='ocrx_word' id='word_1_73' title='bbox 983 1168 1118 1238; x_wconf 80' lang='lat' dir='ltr'>excerptio</span> <span class='ocrx_word' id='word_1_74' title='bbox 1136 1165 1262 1221; x_wconf 83' lang='lat' dir='ltr'>codicum</span> <span class='ocrx_word' id='word_1_75' title='bbox 1280 1166 1375 1220; x_wconf 78' lang='lat' dir='ltr'>unbei-</span> <span class='ocrx_word' id='word_1_76' title='bbox 1458 1165 1470 1176; x_wconf 71' lang='grc'><strong>’</strong></span> 
     </span>
    </p>
   </div>
   <div class='ocr_carea' id='block_1_5' title="bbox 283 1269 1444 3505">
    <p class='ocr_par' dir='ltr' id='par_1_5' title="bbox 283 1269 1444 3505">
     <span class='ocr_line' id='line_1_10' title="bbox 287 1269 1371 1344; baseline -0.002 -20"><span class='ocrx_word' id='word_1_77' title='bbox 287 1271 365 1344; x_wconf 81' lang='lat' dir='ltr'>dium</span> <span class='ocrx_word' id='word_1_78' title='bbox 382 1271 477 1326; x_wconf 79' lang='lat' dir='ltr'>aderat</span> <span class='ocrx_word' id='word_1_79' title='bbox 493 1271 617 1325; x_wconf 87' lang='lat' dir='ltr'>nullum:</span> <span class='ocrx_word' id='word_1_80' title='bbox 637 1287 702 1325; x_wconf 87' lang='lat' dir='ltr'>nem</span> <span class='ocrx_word' id='word_1_81' title='bbox 719 1271 912 1327; x_wconf 80' lang='lat' dir='ltr'>Monaceutem</span> <span class='ocrx_word' id='word_1_82' title='bbox 929 1272 965 1324; x_wconf 82' lang='lat' dir='ltr'>ab</span> <span class='ocrx_word' id='word_1_83' title='bbox 980 1270 1145 1325; x_wconf 82' lang='lat' dir='ltr'>iloeeobelio</span> <span class='ocrx_word' id='word_1_84' title='bbox 1162 1269 1371 1325; x_wconf 77' lang='lat' dir='ltr'>aocneatiuime</span> 
     </span>
     <span class='ocr_line' id='line_1_11' title="bbox 288 1372 1374 1445; baseline -0.001 -16"><span class='ocrx_word' id='word_1_85' title='bbox 288 1376 452 1445; x_wconf 80' lang='lat' dir='ltr'>exteriptum</span> <span class='ocrx_word' id='word_1_86' title='bbox 471 1390 530 1428; x_wconf 78' lang='lat' dir='ltr'>eece</span> <span class='ocrx_word' id='word_1_87' title='bbox 547 1381 670 1439; x_wconf 78' lang='lat' dir='ltr'>nomint,</span> <span class='ocrx_word' id='word_1_88' title='bbox 687 1375 1015 1431; x_wconf 80' lang='lat' dir='ltr'>Votieaniaetemvariae</span> <span class='ocrx_word' id='word_1_89' title='bbox 1031 1375 1166 1429; x_wconf 69' lang='lat' dir='ltr'>lecum</span> <span class='ocrx_word' id='word_1_90' title='bbox 1185 1373 1221 1427; x_wconf 85' lang='lat' dir='ltr'>ab</span> <span class='ocrx_word' id='word_1_91' title='bbox 1240 1373 1283 1432; x_wconf 85' lang='lat' dir='ltr'>itt.</span> <span class='ocrx_word' id='word_1_92' title='bbox 1295 1372 1374 1428; x_wconf 72' lang='lat' dir='ltr'>Maio</span> 
     </span>
     <span class='ocr_line' id='line_1_12' title="bbox 285 1475 1374 1549; baseline 0 -19"><span class='ocrx_word' id='word_1_93' title='bbox 285 1476 409 1549; x_wconf 75' lang='lat' dir='ltr'>prolatae</span> <span class='ocrx_word' id='word_1_94' title='bbox 428 1488 517 1546; x_wconf 79' lang='lat' dir='ltr'>paene</span> <span class='ocrx_word' id='word_1_95' title='bbox 535 1475 692 1530; x_wconf 77' lang='lat' dir='ltr'>obuolutum</span> <span class='ocrx_word' id='word_1_96' title='bbox 709 1493 771 1530; x_wconf 87' lang='lat' dir='ltr'>oum</span> <span class='ocrx_word' id='word_1_97' title='bbox 789 1478 840 1531; x_wconf 91' lang='lat' dir='ltr'>illo</span> <span class='ocrx_word' id='word_1_98' title='bbox 857 1493 1018 1532; x_wconf 71' lang='lat' dir='ltr'>oonrenenm</span> <span class='ocrx_word' id='word_1_99' title='bbox 1034 1476 1168 1548; x_wconf 80' lang='lat' dir='ltr'>probent:</span> <span class='ocrx_word' id='word_1_100' title='bbox 1182 1492 1274 1549; x_wconf 87' lang='lat' dir='ltr'>neque</span> <span class='ocrx_word' id='word_1_101' title='bbox 1297 1477 1374 1530; x_wconf 78' lang='lat' dir='ltr'>ullor</span> 
     </span>
     <span class='ocr_line' id='line_1_13' title="bbox 283 1577 1373 1651; baseline -0.001 -19"><span class='ocrx_word' id='word_1_102' title='bbox 283 1588 394 1651; x_wconf 75' lang='lat' dir='ltr'>praeter</span> <span class='ocrx_word' id='word_1_103' title='bbox 407 1577 468 1644; x_wconf 79' lang='lat' dir='ltr'>boe,</span> <span class='ocrx_word' id='word_1_104' title='bbox 484 1579 593 1632; x_wconf 83' lang='lat' dir='ltr'>tublato</span> <span class='ocrx_word' id='word_1_105' title='bbox 612 1595 646 1632; x_wconf 83' lang='lat' dir='ltr'>ex</span> <span class='ocrx_word' id='word_1_106' title='bbox 665 1577 806 1634; x_wconf 84' lang='lat' dir='ltr'>bominum</span> <span class='ocrx_word' id='word_1_107' title='bbox 812 1581 913 1632; x_wconf 85' lang='lat' dir='ltr'>notitia</span> <span class='ocrx_word' id='word_1_108' title='bbox 922 1578 1079 1644; x_wconf 76' lang='lat' dir='ltr'>Sobotteno,</span> <span class='ocrx_word' id='word_1_109' title='bbox 1088 1595 1230 1650; x_wconf 67' lang='lat' dir='ltr'>rupem</span> <span class='ocrx_word' id='word_1_110' title='bbox 1247 1580 1373 1635; x_wconf 78' lang='lat' dir='ltr'>ridetur.</span> 
     </span>
     <span class='ocr_line' id='line_1_14' title="bbox 286 1682 1375 1756; baseline 0.002 -19"><span class='ocrx_word' id='word_1_111' title='bbox 286 1682 359 1747; x_wconf 76' lang='lat' dir='ltr'>Sed,</span> <span class='ocrx_word' id='word_1_112' title='bbox 377 1682 453 1755; x_wconf 88' lang='lat' dir='ltr'>quod</span> <span class='ocrx_word' id='word_1_113' title='bbox 467 1683 580 1756; x_wconf 85' lang='lat' dir='ltr'>quidem</span> <span class='ocrx_word' id='word_1_114' title='bbox 590 1699 776 1753; x_wconf 78' lang='lat' dir='ltr'>operaverem,</span> <span class='ocrx_word' id='word_1_115' title='bbox 794 1683 1053 1738; x_wconf 77' lang='lat' dir='ltr'>deflexitllekkerna</span> <span class='ocrx_word' id='word_1_116' title='bbox 1069 1699 1130 1737; x_wconf 87' lang='lat' dir='ltr'>mea</span> <span class='ocrx_word' id='word_1_117' title='bbox 1144 1699 1226 1737; x_wconf 78' lang='lat' dir='ltr'>canoa</span> <span class='ocrx_word' id='word_1_118' title='bbox 1242 1683 1279 1740; x_wconf 87' lang='lat' dir='ltr'>de</span> <span class='ocrx_word' id='word_1_119' title='bbox 1295 1698 1375 1739; x_wconf 86' lang='lat' dir='ltr'>more</span> 
     </span>
     <span class='ocr_line' id='line_1_15' title="bbox 285 1785 1373 1866; baseline 0.002 -28"><span class='ocrx_word' id='word_1_120' title='bbox 285 1801 351 1852; x_wconf 80' lang='lat' dir='ltr'>uuo;</span> <span class='ocrx_word' id='word_1_121' title='bbox 373 1788 545 1866; x_wconf 73' lang='lat' dir='ltr'>acceptisque</span> <span class='ocrx_word' id='word_1_122' title='bbox 552 1785 769 1841; x_wconf 78' lang='lat' dir='ltr'>iioeeohelianae</span> <span class='ocrx_word' id='word_1_123' title='bbox 775 1787 956 1858; x_wconf 81' lang='lat' dir='ltr'>biniauaeqne</span> <span class='ocrx_word' id='word_1_124' title='bbox 972 1786 1126 1840; x_wconf 75' lang='lat' dir='ltr'>editionum</span> <span class='ocrx_word' id='word_1_125' title='bbox 1136 1787 1284 1856; x_wconf 83' lang='lat' dir='ltr'>exemplie,</span> <span class='ocrx_word' id='word_1_126' title='bbox 1297 1801 1373 1858; x_wconf 90' lang='lat' dir='ltr'>quo-</span> 
     </span>
     <span class='ocr_line' id='line_1_16' title="bbox 285 1888 1375 1960; baseline 0.002 -19"><span class='ocrx_word' id='word_1_127' title='bbox 285 1906 346 1941; x_wconf 91' lang='lat' dir='ltr'>rum</span> <span class='ocrx_word' id='word_1_128' title='bbox 359 1889 474 1957; x_wconf 74' lang='lat' dir='ltr'>margini</span> <span class='ocrx_word' id='word_1_129' title='bbox 493 1891 660 1944; x_wconf 82' lang='lat' dir='ltr'>coniecturae</span> <span class='ocrx_word' id='word_1_130' title='bbox 678 1888 747 1942; x_wconf 86' lang='lat' dir='ltr'>milri</span> <span class='ocrx_word' id='word_1_131' title='bbox 764 1898 856 1954; x_wconf 78' lang='lat' dir='ltr'>natae,</span> <span class='ocrx_word' id='word_1_132' title='bbox 869 1888 1030 1960; x_wconf 73' lang='lat' dir='ltr'>valeriique</span> <span class='ocrx_word' id='word_1_133' title='bbox 1049 1888 1252 1945; x_wconf 74' lang='lat' dir='ltr'>emendatione·</span> <span class='ocrx_word' id='word_1_134' title='bbox 1269 1889 1375 1943; x_wconf 77' lang='lat' dir='ltr'>adoeri-</span> 
     </span>
     <span class='ocr_line' id='line_1_17' title="bbox 284 1990 1374 2064; baseline 0.002 -20"><span class='ocrx_word' id='word_1_135' title='bbox 284 2006 402 2062; x_wconf 80' lang='lat' dir='ltr'>pteram.</span> <span class='ocrx_word' id='word_1_136' title='bbox 419 1993 479 2062; x_wconf 84' lang='lat' dir='ltr'>ipre</span> <span class='ocrx_word' id='word_1_137' title='bbox 497 1995 633 2048; x_wconf 71' lang='lat' dir='ltr'>universio</span> <span class='ocrx_word' id='word_1_138' title='bbox 648 1993 724 2046; x_wconf 77' lang='lat' dir='ltr'>hicce</span> <span class='ocrx_word' id='word_1_139' title='bbox 740 1992 869 2062; x_wconf 73' lang='lat' dir='ltr'>reliquit·</span> <span class='ocrx_word' id='word_1_140' title='bbox 888 1990 1066 2046; x_wconf 75' lang='lat' dir='ltr'>emendandi·</span> <span class='ocrx_word' id='word_1_141' title='bbox 1081 2008 1112 2044; x_wconf 85' lang='lat' dir='ltr'>ee</span> <span class='ocrx_word' id='word_1_142' title='bbox 1131 1991 1217 2045; x_wconf 80' lang='lat' dir='ltr'>dedit.</span> <span class='ocrx_word' id='word_1_143' title='bbox 1241 1992 1278 2044; x_wconf 84' lang='lat' dir='ltr'>Et</span> <span class='ocrx_word' id='word_1_144' title='bbox 1294 1991 1374 2064; x_wconf 87' lang='lat' dir='ltr'>qnod</span> 
     </span>
     <span class='ocr_line' id='line_1_18' title="bbox 285 2092 1373 2166; baseline 0.002 -20"><span class='ocrx_word' id='word_1_145' title='bbox 285 2095 322 2147; x_wconf 89' lang='lat' dir='ltr'>ad</span> <span class='ocrx_word' id='word_1_146' title='bbox 339 2095 401 2148; x_wconf 77' lang='lat' dir='ltr'>illua</span> <span class='ocrx_word' id='word_1_147' title='bbox 420 2095 533 2166; x_wconf 91' lang='lat' dir='ltr'>quidem</span> <span class='ocrx_word' id='word_1_148' title='bbox 553 2095 673 2158; x_wconf 85' lang='lat' dir='ltr'>attinet,</span> <span class='ocrx_word' id='word_1_149' title='bbox 690 2094 850 2148; x_wconf 80' lang='lat' dir='ltr'>Parieienaie</span> <span class='ocrx_word' id='word_1_150' title='bbox 868 2092 999 2146; x_wconf 76' lang='lat' dir='ltr'>editioni·</span> <span class='ocrx_word' id='word_1_151' title='bbox 1015 2093 1169 2164; x_wconf 84' lang='lat' dir='ltr'>exemplar,</span> <span class='ocrx_word' id='word_1_152' title='bbox 1188 2092 1373 2165; x_wconf 73' lang='lat' dir='ltr'>ldnianaeqne</span> 
     </span>
     <span class='ocr_line' id='line_1_19' title="bbox 286 2193 1374 2266; baseline -0.001 -15"><span class='ocrx_word' id='word_1_153' title='bbox 286 2197 441 2266; x_wconf 76' lang='lat' dir='ltr'>eclogarum</span> <span class='ocrx_word' id='word_1_154' title='bbox 466 2194 501 2247; x_wconf 92' lang='lat' dir='ltr'>de</span> <span class='ocrx_word' id='word_1_155' title='bbox 524 2195 686 2258; x_wconf 78' lang='lat' dir='ltr'>cententiie,</span> <span class='ocrx_word' id='word_1_156' title='bbox 713 2193 841 2262; x_wconf 66' lang='lat' dir='ltr'>plurimis</span> <span class='ocrx_word' id='word_1_157' title='bbox 866 2193 935 2246; x_wconf 78' lang='lat' dir='ltr'>loct·</span> <span class='ocrx_word' id='word_1_158' title='bbox 959 2201 1094 2261; x_wconf 65' lang='lat' dir='ltr'>mauu,</span> <span class='ocrx_word' id='word_1_159' title='bbox 1120 2196 1245 2264; x_wconf 78' lang='lat' dir='ltr'>remitit3</span> <span class='ocrx_word' id='word_1_160' title='bbox 1275 2213 1374 2250; x_wconf 76' lang='lat' dir='ltr'>verum</span> 
     </span>
     <span class='ocr_line' id='line_1_20' title="bbox 286 2294 1375 2366; baseline -0.002 -12"><span class='ocrx_word' id='word_1_161' title='bbox 286 2301 326 2354; x_wconf 82' lang='lat' dir='ltr'>iu</span> <span class='ocrx_word' id='word_1_162' title='bbox 350 2304 383 2352; x_wconf 89' lang='lat' dir='ltr'>ut</span> <span class='ocrx_word' id='word_1_163' title='bbox 405 2294 520 2350; x_wconf 84' lang='lat' dir='ltr'>arbitrio</span> <span class='ocrx_word' id='word_1_164' title='bbox 541 2312 603 2349; x_wconf 91' lang='lat' dir='ltr'>meo</span> <span class='ocrx_word' id='word_1_165' title='bbox 621 2295 792 2366; x_wconf 85' lang='lat' dir='ltr'>relinqueret</span> <span class='ocrx_word' id='word_1_166' title='bbox 807 2297 833 2349; x_wconf 84' lang='lat' dir='ltr'>ai</span> <span class='ocrx_word' id='word_1_167' title='bbox 854 2295 923 2366; x_wconf 85' lang='lat' dir='ltr'>quid</span> <span class='ocrx_word' id='word_1_168' title='bbox 942 2294 1045 2348; x_wconf 86' lang='lat' dir='ltr'>addere</span> <span class='ocrx_word' id='word_1_169' title='bbox 1064 2305 1115 2350; x_wconf 82' lang='lat' dir='ltr'>eut</span> <span class='ocrx_word' id='word_1_170' title='bbox 1130 2305 1238 2351; x_wconf 83' lang='lat' dir='ltr'>mutare</span> <span class='ocrx_word' id='word_1_171' title='bbox 1262 2299 1375 2353; x_wconf 82' lang='lat' dir='ltr'>vellem.</span> 
     </span>
     <span class='ocr_line' id='line_1_21' title="bbox 287 2398 1375 2474; baseline 0.003 -20"><span class='ocrx_word' id='word_1_172' title='bbox 287 2401 351 2472; x_wconf 85' lang='lat' dir='ltr'>Quo</span> <span class='ocrx_word' id='word_1_173' title='bbox 372 2399 501 2474; x_wconf 87' lang='lat' dir='ltr'>equidem</span> <span class='ocrx_word' id='word_1_174' title='bbox 516 2401 557 2453; x_wconf 84' lang='lat' dir='ltr'>ite</span> <span class='ocrx_word' id='word_1_175' title='bbox 576 2415 641 2452; x_wconf 77' lang='lat' dir='ltr'>uror</span> <span class='ocrx_word' id='word_1_176' title='bbox 663 2415 743 2462; x_wconf 80' lang='lat' dir='ltr'>eum,</span> <span class='ocrx_word' id='word_1_177' title='bbox 762 2405 795 2450; x_wconf 88' lang='lat' dir='ltr'>ut</span> <span class='ocrx_word' id='word_1_178' title='bbox 811 2399 944 2468; x_wconf 84' lang='lat' dir='ltr'>plurimae</span> <span class='ocrx_word' id='word_1_179' title='bbox 962 2400 1124 2469; x_wconf 69' lang='lat' dir='ltr'>pedetentim</span> <span class='ocrx_word' id='word_1_180' title='bbox 1139 2398 1260 2466; x_wconf 67' lang='lat' dir='ltr'>iicikerl</span> <span class='ocrx_word' id='word_1_181' title='bbox 1276 2418 1375 2458; x_wconf 88' lang='lat' dir='ltr'>emen-</span> 
     </span>
     <span class='ocr_line' id='line_1_22' title="bbox 290 2499 1375 2574; baseline 0.003 -16"><span class='ocrx_word' id='word_1_182' title='bbox 290 2504 417 2558; x_wconf 81' lang='lat' dir='ltr'>datlouea</span> <span class='ocrx_word' id='word_1_183' title='bbox 436 2519 506 2574; x_wconf 87' lang='lat' dir='ltr'>quae</span> <span class='ocrx_word' id='word_1_184' title='bbox 525 2501 690 2555; x_wconf 71' lang='lat' dir='ltr'>certissimae</span> <span class='ocrx_word' id='word_1_185' title='bbox 715 2499 874 2555; x_wconf 80' lang='lat' dir='ltr'>viderentur</span> <span class='ocrx_word' id='word_1_186' title='bbox 890 2503 920 2554; x_wconf 93' lang='lat' dir='ltr'>in</span> <span class='ocrx_word' id='word_1_187' title='bbox 937 2501 1062 2554; x_wconf 81' lang='lat' dir='ltr'>ordinem</span> <span class='ocrx_word' id='word_1_188' title='bbox 1078 2505 1211 2557; x_wconf 80' lang='lat' dir='ltr'>aermoniu</span> <span class='ocrx_word' id='word_1_189' title='bbox 1227 2503 1375 2561; x_wconf 78' lang='lat' dir='ltr'>inferrem:</span> 
     </span>
     <span class='ocr_line' id='line_1_23' title="bbox 287 2605 1375 2676; baseline 0.004 -16"><span class='ocrx_word' id='word_1_190' title='bbox 287 2605 414 2660; x_wconf 86' lang='lat' dir='ltr'>adderem</span> <span class='ocrx_word' id='word_1_191' title='bbox 438 2606 522 2659; x_wconf 87' lang='lat' dir='ltr'>etiam</span> <span class='ocrx_word' id='word_1_192' title='bbox 541 2605 660 2659; x_wconf 67' lang='lat' dir='ltr'>subinde</span> <span class='ocrx_word' id='word_1_193' title='bbox 685 2621 755 2676; x_wconf 85' lang='lat' dir='ltr'>quoe</span> <span class='ocrx_word' id='word_1_194' title='bbox 778 2607 877 2659; x_wconf 87' lang='lat' dir='ltr'>iterato</span> <span class='ocrx_word' id='word_1_195' title='bbox 900 2606 1025 2659; x_wconf 79' lang='lat' dir='ltr'>examine</span> <span class='ocrx_word' id='word_1_196' title='bbox 1043 2605 1074 2659; x_wconf 92' lang='lat' dir='ltr'>in</span> <span class='ocrx_word' id='word_1_197' title='bbox 1092 2613 1212 2660; x_wconf 89' lang='lat' dir='ltr'>mentem</span> <span class='ocrx_word' id='word_1_198' title='bbox 1229 2609 1301 2661; x_wconf 88' lang='lat' dir='ltr'>mibi</span> <span class='ocrx_word' id='word_1_199' title='bbox 1326 2627 1375 2665; x_wconf 78' lang='lat' dir='ltr'>ve·</span> 
     </span>
     <span class='ocr_line' id='line_1_24' title="bbox 288 2706 1375 2779; baseline 0.002 -15"><span class='ocrx_word' id='word_1_200' title='bbox 288 2709 393 2764; x_wconf 84' lang='lat' dir='ltr'>aireut:</span> <span class='ocrx_word' id='word_1_201' title='bbox 413 2724 447 2761; x_wconf 83' lang='lat' dir='ltr'>ex</span> <span class='ocrx_word' id='word_1_202' title='bbox 463 2706 507 2760; x_wconf 85' lang='lat' dir='ltr'>hie</span> <span class='ocrx_word' id='word_1_203' title='bbox 523 2714 615 2762; x_wconf 86' lang='lat' dir='ltr'>autem</span> <span class='ocrx_word' id='word_1_204' title='bbox 626 2725 697 2779; x_wconf 87' lang='lat' dir='ltr'>quae</span> <span class='ocrx_word' id='word_1_205' title='bbox 712 2724 729 2759; x_wconf 87' lang='lat' dir='ltr'>a</span> <span class='ocrx_word' id='word_1_206' title='bbox 747 2725 792 2762; x_wconf 87' lang='lat' dir='ltr'>me</span> <span class='ocrx_word' id='word_1_207' title='bbox 809 2709 951 2779; x_wconf 71' lang='lat' dir='ltr'>proposita</span> <span class='ocrx_word' id='word_1_208' title='bbox 961 2707 1101 2772; x_wconf 72' lang='lat' dir='ltr'>Bellero,</span> <span class='ocrx_word' id='word_1_209' title='bbox 1119 2710 1198 2764; x_wconf 80' lang='lat' dir='ltr'>cuiue</span> <span class='ocrx_word' id='word_1_210' title='bbox 1214 2713 1375 2766; x_wconf 71' lang='lat' dir='ltr'>auctoritati</span> 
     </span>
     <span class='ocr_line' id='line_1_25' title="bbox 290 2811 1375 2888; baseline -0.004 -22"><span class='ocrx_word' id='word_1_211' title='bbox 290 2815 321 2866; x_wconf 92' lang='lat' dir='ltr'>in</span> <span class='ocrx_word' id='word_1_212' title='bbox 346 2815 480 2867; x_wconf 76' lang='lat' dir='ltr'>cormonte</span> <span class='ocrx_word' id='word_1_213' title='bbox 503 2813 661 2880; x_wconf 73' lang='lat' dir='ltr'>cognitione</span> <span class='ocrx_word' id='word_1_214' title='bbox 694 2814 806 2877; x_wconf 89' lang='lat' dir='ltr'>omnia,</span> <span class='ocrx_word' id='word_1_215' title='bbox 831 2811 901 2865; x_wconf 86' lang='lat' dir='ltr'>mibi</span> <span class='ocrx_word' id='word_1_216' title='bbox 924 2812 998 2865; x_wconf 88' lang='lat' dir='ltr'>nibil</span> <span class='ocrx_word' id='word_1_217' title='bbox 1022 2812 1080 2867; x_wconf 85' lang='lat' dir='ltr'>lere</span> <span class='ocrx_word' id='word_1_218' title='bbox 1104 2815 1216 2879; x_wconf 87' lang='lat' dir='ltr'>tribuo,</span> <span class='ocrx_word' id='word_1_219' title='bbox 1240 2815 1375 2888; x_wconf 72' lang='lat' dir='ltr'>displicu-</span> 
     </span>
     <span class='ocr_line' id='line_1_26' title="bbox 291 2915 1375 2994; baseline 0.006 -26"><span class='ocrx_word' id='word_1_220' title='bbox 291 2917 346 2971; x_wconf 82' lang='lat' dir='ltr'>itte</span> <span class='ocrx_word' id='word_1_221' title='bbox 371 2916 513 2980; x_wconf 80' lang='lat' dir='ltr'>videbam,</span> <span class='ocrx_word' id='word_1_222' title='bbox 529 2915 602 2974; x_wconf 82' lang='lat' dir='ltr'>nibil</span> <span class='ocrx_word' id='word_1_223' title='bbox 626 2915 742 2980; x_wconf 84' lang='lat' dir='ltr'>reduxi,</span> <span class='ocrx_word' id='word_1_224' title='bbox 770 2923 879 2986; x_wconf 89' lang='lat' dir='ltr'>praeter</span> <span class='ocrx_word' id='word_1_225' title='bbox 901 2932 1031 2990; x_wconf 88' lang='lat' dir='ltr'>perquam</span> <span class='ocrx_word' id='word_1_226' title='bbox 1053 2935 1139 2988; x_wconf 86' lang='lat' dir='ltr'>panea</span> <span class='ocrx_word' id='word_1_227' title='bbox 1173 2937 1244 2994; x_wconf 87' lang='lat' dir='ltr'>quae</span> <span class='ocrx_word' id='word_1_228' title='bbox 1268 2937 1303 2973; x_wconf 83' lang='lat' dir='ltr'>ex</span> <span class='ocrx_word' id='word_1_229' title='bbox 1329 2921 1375 2974; x_wconf 88' lang='lat' dir='ltr'>iri-</span> 
     </span>
     <span class='ocr_line' id='line_1_27' title="bbox 290 3017 1376 3093; baseline 0.001 -17"><span class='ocrx_word' id='word_1_230' title='bbox 290 3023 376 3076; x_wconf 79' lang='lat' dir='ltr'>etorin</span> <span class='ocrx_word' id='word_1_231' title='bbox 392 3019 569 3074; x_wconf 77' lang='lat' dir='ltr'>diiudicanda</span> <span class='ocrx_word' id='word_1_232' title='bbox 588 3025 684 3073; x_wconf 71' lang='lat' dir='ltr'>essent</span> <span class='ocrx_word' id='word_1_233' title='bbox 719 3020 814 3089; x_wconf 70' lang='lat' dir='ltr'>thue</span> <span class='ocrx_word' id='word_1_234' title='bbox 836 3017 906 3072; x_wconf 84' lang='lat' dir='ltr'>adeo</span> <span class='ocrx_word' id='word_1_235' title='bbox 927 3028 1019 3073; x_wconf 88' lang='lat' dir='ltr'>autem</span> <span class='ocrx_word' id='word_1_236' title='bbox 1037 3019 1162 3076; x_wconf 81' lang='lat' dir='ltr'>Bekkero</span> <span class='ocrx_word' id='word_1_237' title='bbox 1180 3022 1298 3093; x_wconf 83' lang='lat' dir='ltr'>obeeqni</span> <span class='ocrx_word' id='word_1_238' title='bbox 1314 3039 1376 3078; x_wconf 87' lang='lat' dir='ltr'>me-</span> 
     </span>
     <span class='ocr_line' id='line_1_28' title="bbox 289 3120 1374 3195; baseline 0.004 -19"><span class='ocrx_word' id='word_1_239' title='bbox 289 3127 502 3195; x_wconf 75' lang='lat' dir='ltr'>erumpentium</span> <span class='ocrx_word' id='word_1_240' title='bbox 526 3138 584 3176; x_wconf 78' lang='lat' dir='ltr'>eree</span> <span class='ocrx_word' id='word_1_241' title='bbox 602 3120 683 3188; x_wconf 83' lang='lat' dir='ltr'>duxi,</span> <span class='ocrx_word' id='word_1_242' title='bbox 700 3130 750 3187; x_wconf 90' lang='lat' dir='ltr'>nt,</span> <span class='ocrx_word' id='word_1_243' title='bbox 772 3122 880 3175; x_wconf 83' lang='lat' dir='ltr'>etinmai</span> <span class='ocrx_word' id='word_1_244' title='bbox 904 3122 1022 3177; x_wconf 74' lang='lat' dir='ltr'>subinde</span> <span class='ocrx_word' id='word_1_245' title='bbox 1038 3122 1195 3195; x_wconf 83' lang='lat' dir='ltr'>enapioabar</span> <span class='ocrx_word' id='word_1_246' title='bbox 1211 3127 1374 3194; x_wconf 82' lang='lat' dir='ltr'>aoriptorum</span> 
     </span>
     <span class='ocr_line' id='line_1_29' title="bbox 291 3227 1375 3300; baseline 0.003 -21"><span class='ocrx_word' id='word_1_247' title='bbox 291 3228 384 3298; x_wconf 80' lang='lat' dir='ltr'>potine</span> <span class='ocrx_word' id='word_1_248' title='bbox 405 3229 489 3294; x_wconf 85' lang='lat' dir='ltr'>vitia,</span> <span class='ocrx_word' id='word_1_249' title='bbox 513 3243 631 3298; x_wconf 86' lang='lat' dir='ltr'>quorum</span> <span class='ocrx_word' id='word_1_250' title='bbox 649 3241 737 3279; x_wconf 74' lang='lat' dir='ltr'>termo</span> <span class='ocrx_word' id='word_1_251' title='bbox 755 3227 860 3280; x_wconf 84' lang='lat' dir='ltr'>aaeeuli</span> <span class='ocrx_word' id='word_1_252' title='bbox 878 3228 922 3279; x_wconf 81' lang='lat' dir='ltr'>eui</span> <span class='ocrx_word' id='word_1_253' title='bbox 937 3227 1003 3280; x_wconf 81' lang='lat' dir='ltr'>labe</span> <span class='ocrx_word' id='word_1_254' title='bbox 1019 3235 1160 3281; x_wconf 72' lang='lat' dir='ltr'>contaetus</span> <span class='ocrx_word' id='word_1_255' title='bbox 1179 3235 1264 3292; x_wconf 68' lang='lat' dir='ltr'>eruet,</span> <span class='ocrx_word' id='word_1_256' title='bbox 1292 3247 1375 3300; x_wconf 84' lang='lat' dir='ltr'>quam</span> 
     </span>
     <span class='ocr_line' id='line_1_30' title="bbox 294 3329 1374 3402; baseline 0 -18"><span class='ocrx_word' id='word_1_257' title='bbox 294 3330 443 3384; x_wconf 78' lang='lat' dir='ltr'>ecribarum</span> <span class='ocrx_word' id='word_1_258' title='bbox 473 3330 627 3402; x_wconf 83' lang='lat' dir='ltr'>aphalmate</span> <span class='ocrx_word' id='word_1_259' title='bbox 643 3329 724 3394; x_wconf 90' lang='lat' dir='ltr'>tolli,</span> <span class='ocrx_word' id='word_1_260' title='bbox 748 3330 893 3400; x_wconf 73' lang='lat' dir='ltr'>impudens</span> <span class='ocrx_word' id='word_1_261' title='bbox 919 3337 1012 3384; x_wconf 78' lang='lat' dir='ltr'>tamen</span> <span class='ocrx_word' id='word_1_262' title='bbox 1035 3329 1104 3382; x_wconf 87' lang='lat' dir='ltr'>mibi</span> <span class='ocrx_word' id='word_1_263' title='bbox 1127 3330 1200 3383; x_wconf 77' lang='lat' dir='ltr'>viena</span> <span class='ocrx_word' id='word_1_264' title='bbox 1223 3345 1327 3396; x_wconf 76' lang='lat' dir='ltr'>entem,</span> <span class='ocrx_word' id='word_1_265' title='bbox 1349 3332 1374 3384; x_wconf 78' lang='lat' dir='ltr'>el</span> 
     </span>
     <span class='ocr_line' id='line_1_31' title="bbox 292 3433 1444 3505; baseline 0.003 -19"><span class='ocrx_word' id='word_1_266' title='bbox 292 3439 478 3504; x_wconf 78' lang='lat' dir='ltr'>contraquam</span> <span class='ocrx_word' id='word_1_267' title='bbox 494 3435 543 3490; x_wconf 90' lang='lat' dir='ltr'>ille</span> <span class='ocrx_word' id='word_1_268' title='bbox 566 3435 707 3489; x_wconf 70' lang='lat' dir='ltr'>ruminet</span> <span class='ocrx_word' id='word_1_269' title='bbox 712 3469 723 3498; x_wconf 95' lang='lat'>,</span> <span class='ocrx_word' id='word_1_270' title='bbox 742 3433 907 3487; x_wconf 84' lang='lat' dir='ltr'>deciderem.</span> <span class='ocrx_word' id='word_1_271' title='bbox 927 3434 969 3486; x_wconf 80' lang='lat' dir='ltr'>td</span> <span class='ocrx_word' id='word_1_272' title='bbox 986 3434 1039 3486; x_wconf 89' lang='lat' dir='ltr'>boc</span> <span class='ocrx_word' id='word_1_273' title='bbox 1055 3451 1139 3505; x_wconf 80' lang='lat' dir='ltr'>genno</span> <span class='ocrx_word' id='word_1_274' title='bbox 1157 3434 1228 3486; x_wconf 90' lang='lat' dir='ltr'>illud</span> <span class='ocrx_word' id='word_1_275' title='bbox 1243 3435 1376 3504; x_wconf 84' lang='lat' dir='ltr'>pertinet,</span> <span class='ocrx_word' id='word_1_276' title='bbox 1435 3434 1444 3452; x_wconf 81' lang='lat'><em>⁰</em></span> 
     </span>
    </p>
   </div>
   <div class='ocr_carea' id='block_1_6' title="bbox 292 3517 1464 3816">
    <p class='ocr_par' dir='ltr' id='par_1_6' title="bbox 292 3517 1464 3816">
     <span class='ocr_line' id='line_1_32' title="bbox 292 3517 1374 3610; baseline 0 -20"><span class='ocrx_word' id='word_1_277' title='bbox 292 3545 326 3590; x_wconf 90' lang='lat' dir='ltr'>ut</span> <span class='ocrx_word' id='word_1_278' title='bbox 349 3536 472 3607; x_wconf 81' lang='lat' dir='ltr'>exempla</span> <span class='ocrx_word' id='word_1_279' title='bbox 493 3538 649 3607; x_wconf 79' lang='lat' dir='ltr'>proferam,</span> <span class='ocrx_word' id='word_1_280' title='bbox 667 3538 743 3610; x_wconf 89' lang='lat' dir='ltr'>quod</span> <span class='ocrx_word' id='word_1_281' title='bbox 759 3555 841 3608; x_wconf 76' lang='lat' dir='ltr'>coepe</span> <span class='ocrx_word' id='word_1_282' title='bbox 860 3554 910 3607; x_wconf 85' lang='lat' dir='ltr'>pro</span> <span class='ocrx_word' id='word_1_283' title='bbox 926 3541 1029 3592; x_wconf 80' lang='lat' dir='ltr'>aorioto</span> <span class='ocrx_word' id='word_1_284' title='bbox 1045 3540 1134 3609; x_wconf 90' lang='lat' dir='ltr'>primo</span> <span class='ocrx_word' id='word_1_285' title='bbox 1151 3517 1274 3592; x_wconf 78' lang='lat' dir='ltr'>futurum</span> <span class='ocrx_word' id='word_1_286' title='bbox 1292 3553 1374 3607; x_wconf 89' lang='lat' dir='ltr'>repo·</span> 
     </span>
     <span class='ocr_line' id='line_1_33' title="bbox 293 3638 1464 3709; baseline -0.001 -17"><span class='ocrx_word' id='word_1_287' title='bbox 293 3641 355 3704; x_wconf 83' lang='lat' dir='ltr'>uit,</span> <span class='ocrx_word' id='word_1_288' title='bbox 374 3645 438 3704; x_wconf 81' lang='lat' dir='ltr'>tut,</span> <span class='ocrx_word' id='word_1_289' title='bbox 459 3638 508 3692; x_wconf 90' lang='lat' dir='ltr'>ubi</span> <span class='ocrx_word' id='word_1_290' title='bbox 525 3641 598 3709; x_wconf 89' lang='lat' dir='ltr'>apud</span> <span class='ocrx_word' id='word_1_291' title='bbox 614 3641 746 3706; x_wconf 77' lang='lat' dir='ltr'>Palicum,</span> <span class='ocrx_word' id='word_1_292' title='bbox 762 3639 916 3706; x_wconf 73' lang='lat' dir='ltr'>Matonem,</span> <span class='ocrx_word' id='word_1_293' title='bbox 932 3640 1130 3704; x_wconf 78' lang='lat' dir='ltr'>Menundrum,</span> <span class='ocrx_word' id='word_1_294' title='bbox 1148 3641 1279 3694; x_wconf 71' lang='lat' dir='ltr'>articulus</span> <span class='ocrx_word' id='word_1_295' title='bbox 1296 3639 1373 3694; x_wconf 81' lang='lat' dir='ltr'>deei-</span> <span class='ocrx_word' id='word_1_296' title='bbox 1462 3655 1464 3660; x_wconf 86' lang='lat'>·</span> 
     </span>
     <span class='ocr_line' id='line_1_34' title="bbox 295 3741 1375 3816; baseline 0.002 -21"><span class='ocrx_word' id='word_1_297' title='bbox 295 3741 421 3808; x_wconf 84' lang='lat' dir='ltr'>deretur,</span> <span class='ocrx_word' id='word_1_298' title='bbox 444 3758 526 3814; x_wconf 86' lang='lat' dir='ltr'>quem</span> <span class='ocrx_word' id='word_1_299' title='bbox 546 3749 619 3797; x_wconf 86' lang='lat' dir='ltr'>certe</span> <span class='ocrx_word' id='word_1_300' title='bbox 648 3762 703 3798; x_wconf 91' lang='lat' dir='ltr'>nou</span> <span class='ocrx_word' id='word_1_301' title='bbox 719 3743 811 3797; x_wconf 78' lang='lat' dir='ltr'>minuo</span> <span class='ocrx_word' id='word_1_302' title='bbox 827 3745 942 3798; x_wconf 75' lang='lat' dir='ltr'>rationi·</span> <span class='ocrx_word' id='word_1_303' title='bbox 959 3759 1043 3816; x_wconf 86' lang='lat' dir='ltr'>quam</span> <span class='ocrx_word' id='word_1_304' title='bbox 1065 3759 1146 3797; x_wconf 81' lang='lat' dir='ltr'>tanae</span> <span class='ocrx_word' id='word_1_305' title='bbox 1167 3743 1375 3797; x_wconf 70' lang='lat' dir='ltr'>consuetudini·</span> 
     </span>
    </p>
   </div>
   <div class='ocr_carea' id='block_1_7' title="bbox 293 3840 1377 4227">
    <p class='ocr_par' dir='ltr' id='par_1_7' title="bbox 293 3840 1377 4227">
     <span class='ocr_line' id='line_1_35' title="bbox 293 3840 1377 3920; baseline -0.001 -20"><span class='ocrx_word' id='word_1_306' title='bbox 293 3845 368 3916; x_wconf 76' lang='lat' dir='ltr'>iege·</span> <span class='ocrx_word' id='word_1_307' title='bbox 384 3847 527 3916; x_wconf 82' lang='lat' dir='ltr'>lingitaut,</span> <span class='ocrx_word' id='word_1_308' title='bbox 544 3863 608 3902; x_wconf 90' lang='lat' dir='ltr'>eum</span> <span class='ocrx_word' id='word_1_309' title='bbox 630 3847 742 3913; x_wconf 80' lang='lat' dir='ltr'>interit,</span> <span class='ocrx_word' id='word_1_310' title='bbox 761 3847 805 3901; x_wconf 81' lang='lat' dir='ltr'>vel</span> <span class='ocrx_word' id='word_1_311' title='bbox 820 3863 896 3901; x_wconf 68' lang='lat' dir='ltr'>aaut</span> <span class='ocrx_word' id='word_1_312' title='bbox 907 3848 1044 3920; x_wconf 39' lang='lat' dir='ltr'>,obliquoa</span> <span class='ocrx_word' id='word_1_313' title='bbox 1066 3849 1260 3918; x_wconf 85' lang='lat' dir='ltr'>pronominum</span> <span class='ocrx_word' id='word_1_314' title='bbox 1277 3840 1327 3901; x_wconf 75' lang='lat' dir='ltr'>ite</span> <span class='ocrx_word' id='word_1_315' title='bbox 1345 3853 1377 3899; x_wconf 89' lang='lat' dir='ltr'>et</span> 
     </span>
     <span class='ocr_line' id='line_1_36' title="bbox 295 3937 1374 4022; baseline 0.002 -20"><span class='ocrx_word' id='word_1_316' title='bbox 295 3937 380 4008; x_wconf 73' lang='lat' dir='ltr'>nitor</span> <span class='ocrx_word' id='word_1_317' title='bbox 395 3966 457 4003; x_wconf 84' lang='lat' dir='ltr'>oum</span> <span class='ocrx_word' id='word_1_318' title='bbox 469 3949 565 4005; x_wconf 70' lang='lat' dir='ltr'>iisdem</span> <span class='ocrx_word' id='word_1_319' title='bbox 581 3951 631 4022; x_wconf 89' lang='lat' dir='ltr'>qui</span> <span class='ocrx_word' id='word_1_320' title='bbox 643 3966 660 4002; x_wconf 80' lang='lat' dir='ltr'>e</span> <span class='ocrx_word' id='word_1_321' title='bbox 674 3951 789 4005; x_wconf 75' lang='grc' dir='ltr'>τοιόσδε</span> <span class='ocrx_word' id='word_1_322' title='bbox 800 3959 830 4007; x_wconf 89' lang='lat' dir='ltr'>et</span> <span class='ocrx_word' id='word_1_323' title='bbox 845 3955 977 4010; x_wconf 70' lang='lat' dir='ltr'>remoror</span> <span class='ocrx_word' id='word_1_324' title='bbox 988 3953 1154 4015; x_wconf 79' lang='lat' dir='ltr'>formantur,</span> <span class='ocrx_word' id='word_1_325' title='bbox 1168 3959 1263 4006; x_wconf 64' lang='lat' dir='ltr'>munt</span> <span class='ocrx_word' id='word_1_326' title='bbox 1285 3950 1374 4008; x_wconf 84' lang='lat' dir='ltr'>chro—</span> 
     </span>
     <span class='ocr_line' id='line_1_37' title="bbox 295 4053 1375 4126; baseline 0.002 -21"><span class='ocrx_word' id='word_1_327' title='bbox 295 4053 484 4124; x_wconf 75' lang='lat' dir='ltr'>nogrupliieru,</span> <span class='ocrx_word' id='word_1_328' title='bbox 502 4069 584 4124; x_wconf 88' lang='lat' dir='ltr'>quarn</span> <span class='ocrx_word' id='word_1_329' title='bbox 600 4053 687 4107; x_wconf 83' lang='lat' dir='ltr'>editio</span> <span class='ocrx_word' id='word_1_330' title='bbox 705 4063 797 4109; x_wconf 86' lang='lat' dir='ltr'>noatra</span> <span class='ocrx_word' id='word_1_331' title='bbox 809 4056 839 4107; x_wconf 90' lang='lat' dir='ltr'>in</span> <span class='ocrx_word' id='word_1_332' title='bbox 855 4056 976 4126; x_wconf 85' lang='lat' dir='ltr'>margine</span> <span class='ocrx_word' id='word_1_333' title='bbox 994 4053 1124 4120; x_wconf 76' lang='lat' dir='ltr'>exhibet,</span> <span class='ocrx_word' id='word_1_334' title='bbox 1141 4055 1178 4109; x_wconf 86' lang='lat' dir='ltr'>ad</span> <span class='ocrx_word' id='word_1_335' title='bbox 1194 4061 1322 4126; x_wconf 79' lang='lat' dir='ltr'>excerpta</span> <span class='ocrx_word' id='word_1_336' title='bbox 1340 4053 1375 4107; x_wconf 89' lang='lat' dir='ltr'>de</span> 
     </span>
     <span class='ocr_line' id='line_1_38' title="bbox 295 4155 950 4227; baseline 0.006 -19"><span class='ocrx_word' id='word_1_337' title='bbox 295 4155 480 4227; x_wconf 72' lang='lat' dir='ltr'>legationibus</span> <span class='ocrx_word' id='word_1_338' title='bbox 498 4173 554 4213; x_wconf 86' lang='lat' dir='ltr'>uon</span> <span class='ocrx_word' id='word_1_339' title='bbox 570 4160 626 4217; x_wconf 78' lang='lat' dir='ltr'>leri</span> <span class='ocrx_word' id='word_1_340' title='bbox 644 4155 740 4214; x_wconf 82' lang='lat' dir='ltr'>lebore</span> <span class='ocrx_word' id='word_1_341' title='bbox 757 4157 950 4216; x_wconf 79' lang='lat' dir='ltr'>otebiliveram</span> 
     </span>
    </p>
   </div>
   <div class='ocr_carea' id='block_1_8' title="bbox 0 0 1546 4892">
    <p class='ocr_par' dir='ltr' id='par_1_8' title="bbox 0 0 1546 4892">
     <span class='ocr_line' id='line_1_39' title="bbox 0 0 1546 4892; baseline 0 0"><span class='ocrx_word' id='word_1_342' title='bbox 0 0 1546 4892; x_wconf 95' lang='lat' dir='ltr'> </span> 
     </span>
    </p>
   </div>
  </div>
 </body>
</html>
