3050 4892
381 349 436 414 DE
463 349 676 417 PROCOPIO
708 353 916 421 oul'ronn.
1063 359 1189 425 mun

4 435 8 566 l
105 515 189 568 mata
209 518 394 588 componere
413 509 554 596 tentavit.
599 511 686 587 Quae
717 531 809 594 supra
827 513 910 574 de'
885 534 949 576 erus
968 514 1084 598 origine
1103 526 1195 599 atqm

4 613 6 668 l
105 607 266 666 inventute
286 604 367 678 diri,
393 625 429 664 ea
449 609 552 668 omnia
573 608 639 689 ipse
652 631 684 670 m
696 631 852 692 prooemio
863 612 1004 675 historiae
1015 616 1195 694 tradiderat

4 685 6 758 l
107 702 214 786 qnod,
246 704 327 786 apud
363 703 489 764 Suidam
516 717 693 792 seruatum,
723 713 813 791 posui
832 714 930 792 primo
948 712 1016 773 loco
1035 717 1115 776 inter
1134 713 1196 775 fia·

108 812 305 886 gmenta,p.
329 800 404 882 438.
425 803 474 864 ed.
499 805 536 864 Β.

170 969 219 1029 De
240 967 564 1044 OLYMPIODORO,
587 953 792 1051 CANliIDO,
808 975 1005 1037 NONNOSO
1021 988 1051 1038 et
1062 978 1198 1040 THEO—

112 1066 255 1128 PHANE
276 1065 353 1126 nihil
373 1089 495 1150 prorsus
517 1069 556 1134 nd
577 1092 631 1131 nos
654 1075 792 1152 pervenit
818 1085 938 1155 praeter
956 1097 992 1136 ea
1018 1099 1099 1158 quae
1118 1077 1199 1159 apud

111 1167 260 1227 Photium
278 1164 444 1248 leguntur,
466 1171 498 1229 in
514 1179 616 1230 nostra
632 1171 762 1232 editione
774 1195 807 1254 p.
823 1171 896 1253 447.
907 1196 986 1256 seq.,
1001 1187 1032 1236 et
1045 1176 1200 1259 fraginen·

110 1274 178 1324 tum
199 1264 284 1348 apud
304 1265 429 1326 Suidam
449 1289 474 1327 s.
497 1289 529 1328 v.
550 1265 682 1350 χειρίζω
703 1281 857 1332 servatum
879 1275 920 1354 (p.
944 1272 1016 1359 477.
1030 1275 1141 1356 edu.)
1161 1274 1201 1336 de

109 1364 281 1448 sumptibus
302 1366 498 1451 expeditionis
519 1367 661 1428 adversus
683 1369 858 1451 Vandalos,
875 1373 957 1454 quod
972 1386 1074 1434 tamen
1098 1378 1199 1459 ipsum

109 1483 210 1546 noque
231 1485 266 1523 ex
287 1465 404 1546 integro
425 1466 526 1528 codice
545 1468 692 1544 Candidi,
717 1489 814 1552 neque
835 1493 869 1531 ex
889 1471 1002 1553 ,eclogia
1022 1473 1092 1534 inde
1122 1474 1201 1556 peti-

111 1564 149 1623 tis
182 1583 201 1622 a
223 1561 316 1623 Snida
336 1576 525 1646 assumptum
546 1577 611 1640 est,
644 1567 696 1628 sed
716 1589 751 1628 ex
772 1568 853 1645 alio,
891 1573 990 1633 nescio
1013 1593 1094 1654 quo,
1124 1574 1200 1633 scri-

111 1672 210 1744 ptore.
240 1662 363 1742 Etenim
387 1662 496 1726 nullus-
509 1664 618 1726 horum
632 1665 848 1728 historicorum
866 1669 906 1730 ad
918 1669 1036 1755 eclogas
1052 1673 1201 1733 Constan-

112 1761 243 1822 tinianas
252 1761 408 1824 adhibitus
430 1763 509 1838 snit,
531 1765 613 1825 unde
633 1768 735 1828 omnia
754 1767 787 1828 in
807 1767 867 1832 hoc
887 1790 997 1851 genere
1015 1769 1068 1832 ille
1087 1771 1199 1833 hausit.

155 2009 162 2026 .
192 1961 434 2023 PROCOPIUS
456 1959 614 2044 sophista,
635 1966 721 2025 cuius
740 1967 927 2042 orationem,
951 1966 1149 2029 aVilloisone
1167 1970 1202 2029 in

111 2069 194 2122 tomo
210 2059 307 2122 altem
327 2060 556 2123 Anecdotorum
572 2063 762 2129 Graecorum
784 2080 820 2125 ex
839 2065 944 2124 codice
963 2066 1119 2126 Marciano
1138 2067 1203 2128 Ve-

113 2171 184 2220 neto
203 2160 316 2242 editam
331 2162 370 2240 ⁵¹)
392 2160 464 2222 huic
485 2161 654 2222 collectioni
670 2161 781 2242 intuli,
802 2161 912 2224 affecto
934 2163 1056 2224 saecaslo
1075 2185 1106 2245 p.
1125 2163 1199 2226 Chr.

113 2259 154 2319 V.
171 2259 271 2322 Gerae
291 2271 381 2321 natus
401 2271 464 2338 est,
485 2261 568 2343 quod
583 2263 749 2344 oppidum,
768 2261 840 2324 licet
859 2264 893 2323 in
906 2265 1029 2324 remotis
1043 2262 1202 2326 barbariae

113 2358 225 2422 finibus
241 2360 399 2440 positum,
434 2359 489 2422 illo
511 2383 585 2422 aevo
608 2360 791 2444 elegantium
812 2364 1000 2444 ingeniorum
1023 2366 1099 2424 mire
1118 2363 1202 2426 ferax

115 2459 195 2538 fuit,
218 2481 314 2541 quum
334 2470 453 2541 praeter
481 2459 563 2520 hunc
585 2461 788 2542 Procopium,
810 2461 945 2522 Aeneam
964 2461 1075 2541 ferret,
1097 2473 1128 2524 et
1152 2463 1202 2524 lo·

114 2555 249 2620 hannem
270 2553 495 2641 (ιῙιιιέιιφρασιν
514 2559 572 2624 rosi
591 2561 744 2636 κοσμικοῦ
764 2559 1047 2631 athanacensibus
1067 2564 1203 2623 conscri-

115 2660 206 2740 psit),
218 2680 254 2720 ac
263 2657 460 2720 Timotheum
475 2659 647 2740 quendam,
663 2659 1125 2742 variosqnehnacreonticorum
1135 2683 1203 2722 car-

115 2759 234 2820 minum
247 2769 353 2842 poetas
367 2760 427 2840 ⁵²),
444 2759 555 2842 quihus
576 2759 702 2820 sortasse
714 2781 777 2821 non
797 2762 904 2841 exigua
917 2781 987 2840 pars
1003 2759 1126 2823 illorum
1145 2764 1203 2822 tn·-

115 2855 240 2920 luenda
260 2871 305 2936 est
324 2880 402 2941 qnae
428 2879 484 2940 per
510 2869 557 2918 tot
577 2869 688 2920 aetates
707 2880 763 2940 pro
777 2860 845 2919 Teii
865 2861 943 2920 vatis
959 2861 1082 2920 canticis
1103 2862 1204 2921 mirati

116 2969 187 3020 sunt
199 2957 339 3020 homines
353 2960 477 3018 minime
492 2956 576 3020 mali.
604 2959 740 3040 Speciem
761 2969 862 3020 autem
882 2979 960 3040 quae
968 2958 1145 3019 Fabricium
1154 2962 1204 3019 in·

116 3057 220 3134 duxit,
241 3069 277 3118 ut
297 3057 379 3118 hunc
401 3059 584 3140 Procopium
616 3062 736 3140 gemino
758 3062 881 3120 nomine
899 3058 1066 3119 Iohannem
1090 3059 1206 3118 Proco-

117 3160 203 3239 pium
222 3157 335 3218 dictum
344 3205 353 3234 ,
374 3169 588 3240 auctoremque
604 3152 787 3242 r'xppuic'emc
795 3157 876 3220 illius
888 3201 897 3236 ,
909 3179 1035 3220 amoena
1042 3177 1121 3217 vena
1131 3177 1206 3216 con·

117 3257 200 3318 ditae
212 3303 223 3335 ,
244 3257 356 3332 fuisse,
370 3257 427 3318 sibi
439 3257 651 3339 persuaderet,
674 3277 785 3318 vanam
798 3279 883 3338 esse,
899 3259 1057 3339 positaque
1070 3258 1103 3315 in
1110 3253 1206 3316 Scho-

114 3353 156 3419 lio
178 3357 292 3418 codicis
324 3355 455 3419 Palatini
484 3359 562 3417 inter
587 3367 751 3438 utrumque
784 3356 896 3418 nomen
919 3357 1112 3416 distinctione
1142 3355 1205 3415 dis·

118 3456 317 3535 solvendam,
332 3457 412 3518 mihi
433 3477 528 3538 paene
539 3455 728 3538 exploratum
740 3467 798 3517 est.
818 3456 1017 3538 Fungebatur
1026 3453 1090 3532 ille,
1110 3475 1206 3537 quum

118 3555 314 3616 Anastasium
335 3558 414 3638 Imp.
429 3554 550 3639 publice
564 3556 725 3634 laudabat,
747 3558 877 3616 oratoris
896 3575 1023 3615 munere
1041 3556 1074 3614 in
1094 3554 1205 3637 oppido

117 3656 170 3716 nbi
191 3665 283 3716 natus
304 3667 380 3734 erat,
402 3657 552 3738 stipendio
564 3656 730 3716 conductus
744 3656 805 3733 ὅθι
827 3675 891 3736 quo
904 3664 1047 3734 tempore
1054 3675 1205 3736 paganum

120 3754 220 3815 adhuc
243 3754 385 3836 religione
406 3755 515 3829 fuisse,
538 3775 627 3815 nemo
647 3753 800 3814 dubitabit
820 3755 874 3834 qui
895 3773 988 3835 genus
1002 3752 1154 3813 Anastasii
1166 3753 1208 3812 ab

119 3851 171 3914 illo
191 3852 233 3914 ad
256 3853 359 3914 lovem
379 3855 484 3916 reserri
517 3854 678 3915 attenderit
699 3855 759 3930 ⁵⁴);
781 3873 842 3934 quo
865 3851 942 3912 nihil
969 3855 1066 3934 magis
1086 3851 1206 3912 abomi-

120 3953 257 4014 nandum
277 3953 381 4015 fuisset
400 3955 548 4016 eius‘aevi
568 3955 635 4015 viro
650 3951 834 4014 Christiano.
876 3951 988 4013 Postea
1000 3963 1101 4012 antem
1115 3950 1208 4011 fidem

137 4117 462 4190 51)V.eiu.sanuotatt
481 4135 500 4186 p
526 4121 587 4172 θοι.
607 4115 649 4169 ed.
669 4118 696 4168 B.
761 4117 816 4198 52)
833 4116 952 4169 Fabricii
972 4115 1041 4166 nim
1061 4117 1108 4170 Gr.
1120 4114 1152 4165 T.
1162 4111 1208 4162 tx.

190 4205 249 4260 pp
236 4190 296 4258 7.60
317 4188 360 4247 etl
379 4190 411 4240 Η.
491 4189 625 4260 5³)1unc
645 4177 1055 4258 σοφιστηςΓιιζηςιῑίοἰιιῑυιὶιι
1076 4181 1209 4236 orationis

190 4259 380 4328 inscriptione
452 4259 541 4330 54)p
563 4259 633 4330 492,
654 4261 692 4328 14.

152 4362 227 4416 Dexi
215 4381 313 4434 rppus,
330 4363 480 4434 nunaptsu
467 4373 553 4414 r.etc
999 4373 1015 4409 θ
