3050 4892
313 252 397 356 224
439 291 442 296 ·
721 279 972 348 saccutum
1072 293 1075 300 ·

312 459 369 500 nec
393 436 454 499 alio
477 436 583 500 labore
599 450 741 522 experta,
762 441 820 501 nisi
847 439 940 521 quod,
955 449 1115 522 postquam
1137 441 1280 504 crevisset
1296 442 1329 504 in
1348 465 1410 527 po.

310 543 420 626 pulos,
442 543 598 608 fraudibus
620 558 652 608 et
672 547 786 631 rapinis
806 549 937 608 vicinam
951 557 1071 629 gentem
1089 548 1291 614 conturbavit
1331 553 1409 616 Ior-
1515 559 1516 562 ’

309 651 406 712 nartd.
431 651 508 734 Cap.
529 654 659 714 XXIV.

397 781 429 842 7.
472 759 524 820 Ad
539 746 630 844 quem
649 765 682 824 in
696 763 875 847 legationem
892 769 1034 830 remissus
1052 789 1070 828 a
1086 767 1260 830 Theodosio
1285 771 1410 831 iuniore
1515 771 1516 782 ’

310 867 446 943 Priscus,
469 867 523 928 tali
532 892 608 932 voce
626 874 706 933 inter
722 874 781 934 alia
799 875 900 940 refert.
931 877 1067 959 lugentia
1086 879 1235 960 siquidem
1258 875 1406 950 flumina,
1515 951 1516 968 Χ

310 976 344 1036 ld
366 987 411 1036 est
432 975 556 1058 Tysiam
584 975 791 1062 Tibisiamquc
811 992 841 1042 et
861 982 1003 1043 Dn'ccam
1031 993 1238 1060 transeuntes,
1265 986 1409 1046 venimus

309 1082 454 1145 inlocum
467 1082 564 1158 illum,
580 1083 633 1144 ubi
651 1083 767 1146 dudum
778 1085 930 1164 vidicula,
948 1087 1118 1150 Gothorum
1133 1089 1323 1168 fortissimus,
1339 1089 1409 1150 Sar·

309 1204 432 1254 matum
458 1189 529 1251 dolo
556 1189 708 1253 occubuit.
749 1190 884 1274 Indeque
908 1213 969 1253 non
995 1190 1086 1277 longe
1109 1193 1273 1272 edricum,
1288 1197 1321 1254 in
1342 1217 1406 1278 quo

313 1303 378 1363 Rex
398 1298 496 1360 Attila
514 1297 702 1379 morabatur,
723 1304 921 1362 accessimus:
943 1303 1046 1362 vicum
1074 1304 1218 1384 inquam,
1248 1301 1407 1364 adinstar

309 1410 440 1470 civitatis
458 1405 677 1488 amplissimae,
698 1409 731 1467 in
762 1430 824 1490 quo
844 1407 943 1492 lignea
963 1385 1083 1471 moenia
1103 1432 1138 1471 ex
1152 1408 1264 1470 tabulis
1278 1413 1406 1471 nitenti·

232 1591 235 1596 Ι
308 1517 367 1578 bus
380 1515 526 1576 fabricata
541 1515 720 1600 reperimus,
738 1535 868 1595 quarum
882 1535 1029 1599 compago
1043 1519 1085 1576 ita
1096 1513 1226 1576 solidum
1233 1515 1402 1576 mentieba-

307 1635 371 1703 tur,
391 1635 428 1685 ut
447 1621 497 1684 vix
516 1621 556 1682 ab
571 1603 687 1700 intento
706 1633 808 1702 posset
825 1624 965 1685 iunctura
984 1623 1159 1708 tabularum
1176 1621 1406 1705 comprehendi,

307 1732 437 1793 Videres
456 1729 588 1792 triclinia
602 1728 717 1789 ambitu
730 1729 894 1810 prolixiore
911 1730 1058 1810 distenta,
1094 1718 1290 1814 porticusque
1312 1730 1346 1791 in
1373 1752 1405 1792 n

306 1842 372 1900 mni
391 1839 499 1901 decore
520 1836 687 1918 dispositas.
708 1837 793 1898 Area
819 1859 893 1900 vero
919 1839 1013 1900 curtis
1030 1841 1147 1922 ingenti
1160 1838 1278 1898 ambitu
1298 1839 1407 1920 cinge·

307 1945 420 2024 batur,
441 1958 477 2007 ut
490 1942 660 2026 amplitudo
678 1945 743 2024 ipsa
764 1947 879 2026 regiam
896 1944 998 2007 aulam
1015 1947 1195 2008 ostenderet.
1236 1944 1304 2004 Hae
1316 1945 1405 2008 sedes

308 2065 395 2113 erant
415 2052 530 2114 Attilae
544 2051 635 2132 Regis
657 2050 832 2111 Barbariam
859 2062 956 2112 totam
976 2055 1124 2114 tenentis:
1147 2052 1222 2114 haec
1238 2055 1336 2134 captis
1356 2054 1405 2112 ci·

307 2161 454 2222 vitatibus
470 2159 644 2221 habitacula
657 2160 876 2240 praeponebat.
921 2161 997 2246 Cap.
1011 2161 1173 2222 XXXIV.

390 2267 422 2330 8.
467 2267 529 2345 Qui
545 2265 666 2349 [Attila]
688 2271 826 2346 quamvis
852 2268 942 2329 huius
957 2280 1034 2330 esset
1055 2281 1200 2348 nunnae,
1219 2280 1255 2331 ut
1283 2291 1407 2353 semper

307 2393 419 2454 magna
429 2371 605 2449 confideret,
626 2372 756 2434 addebat
769 2375 796 2433 ei
809 2385 910 2436 tamen
930 2355 1141 2436 confidentiam
1158 2373 1275 2459 gladius
1294 2379 1406 2439 Martis

251 2520 264 2529 -
307 2481 462 2557 inventus,
484 2479 767 2563 apudScytharum
786 2502 870 2564 reges
886 2504 1006 2565 semper
1028 2482 1160 2547 habitus.
1203 2486 1305 2562 Quem
1330 2487 1405 2547 Pri-

195 2563 216 2651 ,ἕ
308 2607 377 2647 scus
387 2585 548 2648 historicus
572 2586 627 2648 tali
651 2588 744 2648 refert
765 2591 922 2650 occasione
944 2589 1108 2651 detectum.
1152 2591 1257 2670 Quum
1276 2604 1404 2674 pastor,

307 2699 471 2778 inquiens,
493 2697 616 2778 quidam
634 2699 731 2780 gregis
745 2719 837 2758 unam
860 2693 1003 2759 bubulam
1021 2700 1209 2782 conspiceret
1225 2698 1405 2764 claudican-

307 2815 388 2882 tem,
421 2827 477 2866 nec
502 2825 623 2865 causam
646 2807 723 2864 tanti
745 2803 881 2865 vulneris
906 2803 1073 2886 inveniret,
1103 2807 1249 2870 sollicitus
1269 2811 1401 2892 vestigia

305 2913 424 2972 cruoris
445 2913 633 2992 insequitur:
660 2910 846 2991 tandemque
872 2912 957 2970 venit
982 2911 1022 2972 ad
1048 2909 1199 2996 gladium,
1230 2941 1325 3002 quem
1345 2920 1403 2982 de·

304 3040 432 3101 pascens
449 3017 560 3078 herbas
572 3016 684 3077 bucula
702 3020 824 3077 incaute
838 3013 1019 3095 calcaverat,
1041 3019 1242 3107 effossumque
1258 3029 1400 3108 protinus

307 3127 346 3187 ad
363 3125 491 3187 Attilam
518 3124 623 3186 desert.
666 3124 737 3202 Quo
757 3121 809 3182 ille
824 3144 949 3185 munere
973 3126 1160 3208 gratulatus,
1182 3143 1217 3194 ut
1241 3145 1308 3196 mat
1335 3155 1400 3194 ma-
1515 3157 1516 3176 ¹

305 3234 479 3316 gnanimus,
502 3231 668 3293 arbitratur
692 3251 724 3290 se
752 3231 846 3290 totius
870 3231 977 3295 mundi
996 3237 1164 3318 principem
1179 3243 1397 3318 constitutum,

306 3351 339 3400 et
358 3361 413 3422 per
446 3340 554 3400 Martis
583 3335 717 3418 gladium
738 3345 918 3416 potestatem
941 3338 1000 3398 sibi
1022 3360 1193 3404 concessam
1217 3365 1282 3406 esse
1302 3345 1398 3407 hello-

307 3469 388 3511 rum.
431 3448 506 3530 Cap.
526 3441 669 3504 XXXV.

392 3573 424 3636 9.
469 3555 574 3630 Quum
595 3549 635 3610 ad
660 3549 789 3610 Romam
811 3537 932 3612 'animus
955 3553 1059 3616 fuisset
1085 3559 1148 3618 eius
1182 3559 1329 3646 [Attilae]
1351 3572 1394 3622 at-

308 3671 410 3721 tentus
422 3661 585 3736 accedere,
611 3661 661 3719 sui
687 3678 767 3735 eum,
790 3669 827 3718 ut
844 3660 968 3722 Priscus
992 3664 1084 3725 refert
1102 3667 1277 3750 historicus,
1299 3691 1394 3732 remo-

310 3789 401 3845 vere,
431 3789 492 3828 non
518 3767 609 3844 urbi,
638 3770 687 3827 cui
715 3769 830 3826 'mimici
847 3777 952 3848 erant,
974 3771 1185 3852 consulentes,
1208 3778 1261 3838 sed
1284 3777 1394 3838 Alarici

308 3875 464 3958 quondam
495 3875 735 3958 vesegotharum
760 3877 850 3958 Regis
882 3875 1057 3941 obiicientes
1087 3884 1280 3966 exemplum,
1310 3885 1394 3948 veriti

234 3970 401 4064 1³·32Regr's
433 3984 480 4042 sui
506 3982 675 4065 fortunam,
705 3984 777 4065 quia
815 3983 866 4044 ille
887 3997 955 4066 post
971 3987 1099 4048 fractam
1121 3991 1250 4053 Romam
1265 3994 1315 4056 diu
1334 4011 1396 4052 non

304 4091 522 4173 supervixerat,
539 4089 592 4149 scd
608 4091 748 4170 protinus
763 4089 854 4150 rebus
868 4091 989 4152 excessit
1003 4091 1153 4160 humanis.
1175 4098 1254 4182 Cap.
1288 4095 1392 4160 XLII.
