3050 4892
481 308 776 375 enuntiamus,
835 309 844 323 ’
1073 288 1156 404 497

58 455 133 524 κατ’
143 457 308 544 βάρβαρον
320 456 432 547 πόρρω
451 461 506 545 τῆς
523 464 585 547 σῆς·
599 461 701 547 ἀρχῆς
721 462 918 544 ἀπελαύνειν,
933 464 989 530 καί
1005 466 1084 547 μετὰ
1102 470 1161 553 τῆς

59 559 265 641 ἐλευθερίας
284 557 479 645 ἐπιφανῆναι
496 568 560 635 τοϊς
580 560 747 643 ὑπηκόοις,
768 562 939 638 ἐπένευσας
954 566 1077 649 ταῦτα,
1105 569 1162 631 καί

58 652 159 741 πρὸς
188 657 284 739 πέρας
315 659 450 741 α’φίκετο.
491 655 582 740 ἔγνως
609 658 690 741 γὰρ,
729 658 774 734 ὥς
792 656 850 743 την
875 654 957 746 ἓηόαν
977 665 1083 745 λῆξιν,
1103 667 1305 748 erigi-0498

41 756 184 838 ’ἀρχῆς
203 752 237 819 τὸ
259 754 463 841 σεμνότερον,
483 752 652 841 πρόσοικοί
666 781 747 833 τινες
767 756 975 843 έπετόραττον
993 759 1161 847 βάρβαροι,

35 848 195 937 5ιῖνδρες
214 852 366 939 ὑβρισταίΙ
382 852 438 918 καί
464 859 611 939 θρασεῖς,
640 859 697 919 καί
721 856 800 935 μίαν
820 852 935 942 όρετην
954 861 1072 935 εἰδότες
1097 868 1162 938 τοϊς

61 954 260 1034 ἀλλοτρίοις
288 949 420 1037 όγαθοῖς
440 956 665 1019 ἐπιτίθεσθαι·
694 958 749 1019 καί
777 959 896 1020 θᾶττον
925 960 985 1039 μέν
1005 955 1161 1041 ἐπιόντες,

60 1052 198 1116 θᾶττον
233 1052 269 1115 δὲ
293 1048 541 1133 μεθιστάμενοι,
565 1052 622 1117 καί
650 1048 728 1117 incl
754 1076 830 1119 ποτε
858 1056 913 1137 γῆς
948 1057 1010 1121 εἰσι
1044 1053 1163 1144 ῥηιδίως

60 1146 312 1227 λανθάνοντες·
350 1142 396 1224 οἷς
421 1148 482 1234 γὰρ
512 1150 558 1235 μη
578 1154 692 1237 χοῖρος
720 1151 766 1236 μη
799 1151 887 1228 πόλις
908 1156 953 1230 εἰς
983 1155 1163 1240 οἰκητήριον

63 1244 229 1333 ὥρισται,
260 1242 326 1312 ἀλλ’
354 1242 428 1331 ὅλην
460 1253 588 1324 ἕκαστος
607 1246 756 1333 έπόγεται
777 1249 833 1335 τὴν
853 1254 955 1316 οἰκίαιν
967 1304 976 1334 ,
1007 1256 1162 1337 αύτοσχδ-

28 1348 142 1412 ιοδιον
165 1344 306 1432 καλόβην
328 1342 388 1431 inq
408 1344 489 1434 τύχῃ
511 1345 779 1433 συμπηγνύμενος,
811 1348 840 1414 οἱ
861 1350 900 1434 δη
922 1358 1058 1417 τοιοῦτοι
1079 1356 1162 1431 τίνος

63 1438 108 1510 όόν
130 1440 331 1526 ἀπόσχοιντο
352 1443 490 1528 τόλμηςς
519 1445 642 1521 τούτοις
662 1450 707 1522 εἷς
727 1447 871 1532 ύρπαγην
901 1444 1086 1535 προύκειντο
1103 1451 1160 1517 ni·

58 1550 155 1626 λεις,
179 1541 216 1608 τό
238 1540 312 1628 πρίν
331 1545 388 1623 μὲν
409 1538 592 1624 εὐδαίμονες
611 1546 668 1609 καί
682 1546 841 1630 λαμπραί,
860 1547 929 1611 τότε
949 1550 985 1613 δὲ
1004 1551 1068 1613 τῶν
1082 1555 1162 1634 Ιβοη-

60 1642 221 1711 θούντων
240 1638 351 1726 ἔρημοι
370 1640 424 1707 καί
441 1646 627 1725 συμμαχίας
647 1642 866 1728 ἐστερημέναι·
887 1650 942 1710 καί
961 1647 981 1731 ἧ
1000 1650 1060 1727 μέν
1078 1646 1163 1731 εἴχε-

32 1742 36 1753 ’
63 1768 116 1825 το,
139 1742 161 1827 ἦ
187 1744 224 1805 δὲ
245 1739 383 1823 ἔμελλεν,
406 1740 427 1824 ἡ
449 1743 482 1804 δὲ
501 1746 727 1821 μετανίστατο·
750 1745 807 1805 καί
822 1746 942 1822 μᾶλλον
962 1734 1020 1808 τού
1039 1745 1162 1821 πόθους

28 1836 86 1905 ιόό
122 1842 196 1905 τῶν
221 1837 399 1919 μελλόντων
420 1836 517 1925 φόβος
537 1840 666 1903 ἐλύπει·
701 1840 791 1925 φήμη
821 1844 857 1905 δέ
882 1866 928 1917 τις
949 1836 1005 1905 ούιι
1024 1844 1162 1929 εύτυχῆς

65 1938 133 2016 τός
145 1941 215 2005 τοῖν
229 1934 375 2001 δπόντων
395 1939 526 2003 διέσειεν
549 1937 655 2017 ἀκοὰς,
674 1939 721 2002 ἐπ’
733 1932 840 2012 ἄλλοις
861 1932 941 2003 ἄλλοι
961 1941 1161 2026 διηγουμένη,

65 2042 129 2105 καί
148 2033 255 2101 πάντα
280 2032 379 2099 δεινά.
420 2028 459 2119 ἦν
478 2033 538 2119 γδρ
561 2036 689 2101 ιιίιούειν
709 2031 1045 2126 πόλινμύλισκομένην,
1059 2040 1163 2122 ἀρτισ-

67 2138 214 2219 ζομένην
243 2135 472 2215 εύδαιμονίαν,
509 2136 718 2217 όλαυνομένας
745 2144 895 2217 γυναῖκας
925 2137 970 2209 εἰς
998 2136 1163 2218 ἀσέλγειαν

66 2234 334 2322 ἦναγκασμένην,
362 2232 587 2319 ὑβριζομένους
627 2235 745 2308 παῖδας
752 2284 762 2314 ,
799 2234 995 2318 αἰκιζομένην
1031 2233 1161 2316 πολιόν,

28 2333 248 2415 Ιοὲλκομένην
270 2328 408 2415 νεότητα,
429 2337 486 2396 καί
505 2332 685 2417 παρθένους
704 2322 869 2415 α’γομένας,
891 2329 929 2395 ού
949 2329 1030 2417 πρός
1044 2333 1165 2419 εύτυχῆ

68 2429 230 2500 παστάδα
250 2428 462 2516 καίνύμφιον
483 2430 670 2511 εύδαᾴιονα,
693 2426 773 2493 κατδ
793 2426 852 2505 τός
872 2428 984 2514 πριόην
1004 2432 1161 2514 ἐλπίδας,

145 2602 185 2638 ra.
196 2580 507 2651 poriounurviliois,
524 2581 691 2651 ῥηθοδντυν
709 2580 768 2633 cod.
821 2598 863 2637 ao.
872 2581 1026 2655 ἑλκομένην
1042 2585 1164 2651 villole„

141 2654 289 2725 ἐλαιμένην
303 2652 370 2716 coti,
389 2656 437 2705 καλ
453 2650 605 2724 ἑλκομένην
624 2668 721 2705 reum.

72 2787 224 2842 barbarum
245 2782 341 2853 procui
368 2800 383 2833 a
409 2790 459 2834 tuo
475 2784 590 2851 imperio
609 2797 717 2843 arcere,
741 2788 770 2833 et
788 2799 843 2833 una
862 2798 920 2834 curn
945 2784 1075 2838 libertate
1095 2789 1163 2840 sub-

73 2859 139 2910 ditis
159 2868 314 2927 apparere,
331 2854 390 2905 lieri
411 2853 527 2916 iussisti,
544 2861 573 2905 et
589 2852 714 2923 protinus
734 2868 776 2903 res
795 2852 953 2903 aderitum
972 2858 1053 2907 venit
1080 2858 1164 2912 Nam-

74 2944 127 3000 que
152 2938 342 2994 compererat,
368 2923 517 2986 orientem,
546 2922 773 2991 praestantiorem
793 2922 901 2989 imperii
919 2932 1041 2991 partem,
1066 2930 1164 2999 squi-

75 2996 192 3050 busdam
212 2994 339 3047 finitimis
358 2991 479 3044 barbaris
499 2993 673 3061 perturbari,
691 2988 849 3042 bominibus
868 2992 992 3063 superbis
1014 3003 1042 3046 et
1060 2996 1164 3051 feroci-

74 3066 141 3131 bus,
168 3067 219 3137 qui
245 3064 363 3117 aliorum
393 3062 464 3114 bona
482 3062 611 3115 infestare
634 3063 715 3115 unice
733 3078 782 3131 pro
800 3062 901 3115 virtute
918 3074 1111 3135 agnoscerent3
1131 3074 1160 3121 ct

76 3138 188 3207 quidem
214 3132 345 3188 celeriter
366 3134 537 3203 ingruentes,
563 3134 688 3186 celeriter
706 3147 818 3203 quoquc
836 3132 1010 3197 recedentes,
1034 3144 1079 3200 ct,
1103 3151 1159 3206 quo

78 3220 106 3258 tc
117 3208 311 3267 contulissent,
322 3204 402 3256 laciie
416 3204 547 3255 latentes:
562 3202 662 3325 ηαίρρε
682 3200 782 3273 quibus
800 3218 891 3322 περιτο
908 3203 983 3255 λοισι
993 3222 1082 3275 neque
1094 3208 1159 3259 urbs

77 3277 112 3327 sd
130 3276 312 3329 habitandum
333 3274 445 3327 definito
465 3280 517 3335 est,
533 3289 561 3325 sc
599 3277 716 3345 quisque
734 3278 819 3325 totam
857 3288 948 3325 omum
966 3290 1057 3327 secum
1074 3276 1161 3345 vehit,

77 3348 285 3400 tumultuariam
304 3360 391 3397 caeam
411 3344 567 3415 ubicunque
594 3344 678 3395 luerit
705 3346 887 3413 compingenr.
923 3344 1005 3397 Tales
1026 3362 1090 3398 vero
1108 3346 1161 3399 ho-

77 3420 163 3469 miues
182 3435 239 3489 quo
259 3417 380 3469 iocinore
401 3413 574 3467 abstineant?
609 3414 658 3466 iiis
677 3412 711 3465 ad
728 3412 916 3483 praedantium
934 3417 1058 3483 exposite
1082 3423 1162 3469 erant

78 3488 178 3557 oppida
202 3490 279 3559 prius
303 3486 441 3539 fortunata
463 3492 490 3539 et
514 3484 675 3555 splendide,
692 3492 750 3535 tum
770 3500 834 3536 vcro
853 3482 963 3535 auxiliis
983 3482 1114 3537 destituta
1132 3492 1162 3539 ct

99 3556 327 3627 repugnatoribus
352 3556 477 3626 privata,
502 3571 518 3606 e
541 3554 640 3626 quibus
663 3553 714 3621 boc
740 3552 852 3623 quidem
879 3554 934 3603 iam
959 3563 1066 3621 captum
1086 3562 1160 3621 erat,

79 3572 148 3678 illusi
166 3628 195 3678 in
215 3644 258 3689 eo,
276 3634 309 3679 ut
326 3632 483 3695 caperetur,
502 3632 560 3676 erat
579 3626 660 3677 etiam
679 3641 694 3676 c
713 3640 767 3695 quo
787 3626 858 3677 ciues
878 3626 1032 3691 migrarent
1052 3626 1086 3676 Et
1102 3644 1162 3680 ma-

81 3696 117 3763 gis
135 3714 218 3781 quam
238 3698 297 3767 ipsa
316 3698 452 3749 calamitas
471 3695 556 3747 loturi
576 3706 663 3747 metus
681 3692 819 3762 angebat3
839 3710 931 3745 rumor
951 3703 1042 3746 autem
1059 3698 1160 3749 infelix

82 3780 202 3817 omarum
222 3784 301 3818 erues
318 3766 531 3837 perstringebat,
549 3766 604 3816 alia
625 3782 706 3833 super
724 3766 779 3814 ulia
799 3766 943 3825 nuntians,
968 3773 1064 3817 cuncte
1090 3766 1157 3821 hor·

82 3836 171 3887 tenda.
209 3838 311 3889 Audire
330 3848 435 3905 poteras
456 3836 548 3887 urbem
572 3832 732 3907 expugnari,
757 3833 866 3887 divitias
884 3831 1004 3900 suferri,
1027 3836 1157 3891 mulieres

83 3906 140 3973 rapi
160 3907 194 3959 asi
213 3916 353 3977 stuprum,
377 3924 476 3976 pueros
494 3904 613 3959 uolande
632 3904 759 3964 tracturi,
786 3904 891 3955 foedari
911 3906 1056 3969 canitiem,
1084 3906 1157 3961 trahi

84 3972 267 4035 iuventutem,
287 3986 315 4029 et
330 3980 447 4044 virgines
468 3976 529 4028 duci
539 4014 548 4039 ,
566 3992 621 4027 non
641 3974 675 4026 atl
691 3974 823 4043 genialem
843 3974 943 4027 lectum
976 3982 1004 4027 et
1030 3976 1157 4029 fortuna·

84 4049 138 4095 tum
157 4062 295 4113 sponsum,
314 4048 462 4099 secundum
481 4064 541 4116 spos
559 4054 638 4098 antea
657 4054 807 4113 conceptos,
825 4045 873 4097 scd
890 4044 925 4095 ad
942 4044 1086 4099 libidinem
1105 4045 1157 4099 ho-

87 4114 134 4162 stis
151 4114 259 4167 barbari
285 4125 313 4168 et
329 4118 388 4187 ipso
407 4128 517 4187 aspectu
535 4116 619 4175 foedi.
653 4116 702 4171 ilis
719 4116 792 4167 euim
809 4115 900 4168 omnia
921 4116 1062 4184 patebunt.
1099 4116 1159 4186 Qui

120 4214 273 4287 Dexippus,
291 4222 438 4291 Eutropius
456 4235 507 4279 ιιι.
928 4222 963 4275 3²
