3050 4892
335 308 419 422 1170
777 325 988 392 Excffltm

406 479 477 553 'On
491 488 602 551 πολλοὶ
616 476 696 549 οἶκοι
713 480 879 564 Ῥωμαιλον
898 474 1074 565 προσόδους
1101 480 1168 540 κατ’
1187 470 1339 539 ἐνιαυτὸν
1358 468 1424 571 ddi:
1496 526 1497 547 ,

327 612 420 674 χοντο
453 580 517 649 dub
538 588 601 650 τῶν
620 580 786 667 κτημάτων
806 573 910 643 αὐτῶν
937 574 1001 643 dat
1031 572 1265 659 τεσσαράκοντα
1295 594 1421 655 χρυσον

330 682 535 770 κεντηνάρια,
569 683 669 766 χωρίς
693 682 752 745 τοῦ
771 680 860 743 σίτου
881 677 1012 741 saiwai
1032 672 1118 739 οἴνου
1146 670 1202 737 καί
1225 676 1291 735 τοῖν
1322 663 1425 734 ἄλλων
1496 672 1497 739 ζ

330 783 477 849 ἁπάντων
497 784 598 861 εἰδῶν,
620 779 643 843 ά
662 782 708 855 εἷς
725 779 831 864 τρίτον
852 777 1036 855 συνέτεινεν,
1058 774 1089 835 εἰ
1110 767 1337 855 ἐπιπράσκετο,
1369 770 1426 832 sori

329 883 555 970 εἰσφερομένου
575 876 722 963 χρυσίου.
769 878 831 939 ταῖν
852 877 887 938 δὲ·
904 870 987 957 μετά
1006 870 1083 945 τοὺς
1102 865 1249 957 πρώτους
1268 870 1443 951 δευτέρυιὸ
1496 890 1497 951 η

331 980 424 1046 οἴκων
456 983 512 1063 τῆς
537 977 667 1061 Ῥώμης
709 975 928 1039 πεντεκαίδεκα
967 972 1023 1035 καί
1054 971 1129 1035 δέκα
1159 969 1375 1052 κεντηναρίοαν
1407 960 1423 1047 ἢ

329 1077 484 1166 πρόσοδος
504 1070 554 1160 ἧν.
597 1079 653 1139 καί
672 1070 721 1140 ὅτι
731 1069 863 1156 Πρόβος
884 1067 901 1134 ὃ
918 1080 992 1146 παῖς
1007 1064 1198 1150 Ὀλυμπίου,
1218 1068 1350 1141 τελέσας
1367 1064 1424 1148 την
1496 1078 1497 1151 l

330 1176 446 1243 οἰκείαν
466 1178 666 1259 πραιτοῦραν
696 1168 778 1236 κατά
800 1168 856 1235 τάν
879 1168 994 1255 καιρὸν
1022 1170 1077 1252 τῆς
1094 1162 1244 1233 Ἰωάννου
1273 1164 1421 1247 τυρακιίῑ

331 1280 402 1357 δος,
424 1274 546 1337 δυόδεκα
575 1268 763 1355 κεντηνάρια
790 1273 918 1353 χρυσοῦ
946 1264 1097 1351 ἀνήλωσε.
1139 1264 1314 1347 Σύμμαχος
1339 1257 1420 1324 δὲό

329 1368 539 1456 λογογράφος,
561 1366 766 1453 συγκλητικὸς
796 1362 841 1431 niv
862 1372 926 1432 τοῖν
945 1368 1084 1451 μετρίων
1096 1416 1106 1447 ,
1126 1364 1200 1449 πρίν
1220 1356 1243 1447 ἢ
1262 1360 1315 1445 τὴν
1328 1358 1458 1424 ‘Pei-¹0

305 1494 326 1545 c
334 1495 396 1556 μην
423 1469 563 1551 άλῶναι,
591 1472 649 1533 τοῦ
677 1465 793 1542 πἀιδός
813 1462 991 1549 Συμμάχου
1021 1467 1221 1547 πραιτοῦραν
1249 1460 1416 1537 τελοῦντος,

327 1568 426 1634 εἴκοσι
445 1566 632 1651 κεντηνάρια
653 1567 839 1648 ἐδαπάνησε.
882 1562 1033 1644 Μάξιμος
1055 1565 1100 1643 δὲ,
1117 1556 1164 1637 εἷς
1183 1565 1247 1625 τῶν
1265 1553 1419 1642 adripere,
1496 1636 1497 1647 ρ

328 1668 373 1742 εἰς
398 1664 455 1751 την
483 1669 542 1729 τοῦ
563 1664 635 1729 υἱοῦ
654 1666 850 1748 πραιτοῦραν
876 1658 1107 1745 τεσσαράκοντα
1146 1656 1332 1741 κατεβάλετο
1353 1678 1421 1718 κεν-

327 1762 471 1851 τηνάρια.
500 1760 579 1829 ἑπτά
603 1767 639 1828 δὲ
659 1764 795 1848 ἡμέραις
817 1760 846 1825 οἱ
867 1764 1046 1847 πραίτωρες
1064 1756 1122 1836 τάς
1144 1755 1332 1842 πανηγύρεις
1353 1758 1421 1819 ἑτέ·

328 1870 414 1929 λουν.
1128 1870 1132 1877 ·
1426 1852 1454 1914 si

404 1960 480 2031 Ὅτι
509 1963 528 2027 ὅ
557 1958 758 2049 συγγραφεάς
787 1961 830 2049 τῷ
855 1960 1014 2025 Ὀιλυσσεῖ
1039 1956 1096 2043 την
1125 1955 1247 2041 πλάνην
1266 1950 1306 2018 οὖ
1335 1952 1418 2019 κατὰ

328 2066 474 2130 Σικελίαν
493 2062 576 2149 φησί
591 2063 788 2145 γεγενῆσθαι,
810 2057 889 2125 άλλά
912 2046 990 2124 κάτά
1012 2056 1052 2122 τά
1075 2058 1197 2143 πέρατα
1213 2050 1419 2140 τῆςἸταλίας·

328 2161 460 2247 κοίτην
479 2163 525 2237 εἰς
545 2157 629 2247 ᾅδου
649 2157 789 2225 κάθοδον
808 2155 896 2243 παρά
917 2154 971 2223 τὸν
991 2152 1131 2221 ὠκεανὸν
1150 2158 1367 2239 γεγενῆσθαι,
1391 2154 1421 2217 ἐν

327 2253 357 2350 ᾧ
377 2260 471 2343 ναίὴ
492 2257 588 2343 πολλή
610 2256 723 2343 πλάνη.
764 2258 949 2341 άγαινιζεται
970 2260 1006 2322 δὲ
1027 2254 1080 2322 διά
1104 2258 1226 2321 πολλῶν
1246 2258 1338 2319 τοῦτο
1361 2278 1422 2318 πα-

328 2360 494 2442 ραστῆσαι.
534 2356 626 2439 ἡμεῖς
645 2359 682 2421 δὲ
700 2354 756 2420 καί
774 2352 890 2432 ἄλλους
911 2352 1084 2444 διαφόρους
1105 2356 1330 2437 άνὲγναμενὲν
1346 2350 1454 2417 τεά-το

328 2477 394 2531 τοις
413 2450 502 2541 αάτρῑ
521 2457 793 2541 συμφωνοῦντας.,

402 2547 479 2618 Ὅτι
498 2552 723 2616 ἀποστέλλεται
758 2551 821 2617 α’πὸ
846 2550 1209 2627 Κωνοταντινουπάλεως
1228 2549 1318 2635 παρά
1341 2554 1423 2616 Θεο-

297 2652 439 2719 lldoor'ov
461 2652 637 2735 Πλακιιλιλι,
659 2646 726 2731 άμα
746 2650 840 2717 παισί
858 2650 939 2717 κατά
968 2657 1027 2720 τοῦ
1053 2648 1218 2739 τυράννου·
1262 2649 1318 2715 καί
1344 2652 1423 2715 ἐπα-

367 2804 392 2861 η.
411 2782 558 2858 Ὀλυρρλου
579 2786 651 2839 toni.
668 2786 776 2839 lteines.
795 2788 842 2859 Ep.
862 2790 904 2859 ⁶9·
922 2804 950 2859 p.
968 2788 1027 2858 643.
1066 2788 1187 2858 Optime.
1204 2786 1236 2839 N.

403 2904 505 2957 Multas
534 2908 634 2958 Romae
660 2907 780 2959 familias
800 2924 906 2959 annuos
935 2908 1040 2961 reditus
1059 2924 1074 2961 e
1093 2906 1174 2959 bonis
1195 2907 1333 2975 accepisse
1352 2922 1423 2979 qna-

338 2975 464 3045 draginta
485 2976 596 3029 circiter
613 2980 673 3028 auri
690 2978 880 3042 centenarios,
898 2976 1001 3049 absque
1019 2979 1156 3030 frumento
1174 2987 1203 3030 et
1217 2980 1281 3028 vino
1302 2978 1422 3047 aliisque

338 3045 504 3116 speciebus,
531 3062 602 3119 quae
638 3052 747 3101 tertiam
776 3046 931 3119 aequabant
962 3048 1020 3099 auri
1045 3058 1169 3117 partem,
1188 3049 1211 3097 si
1229 3048 1422 3100 venderentur.

335 3118 442 3169 Alteras
461 3132 526 3167 roro
564 3125 607 3169 ost
630 3116 680 3168 iras
713 3118 807 3170 decem
838 3128 886 3170 aut
912 3116 1070 3188 quindecim
1088 3119 1258 3171 centenarios
1283 3118 1313 3169 in
1337 3134 1422 3169 censu

334 3185 472 3239 babuisse.
493 3135 618 3249 Probum,
636 3188 757 3259 Olympii
777 3188 873 3251 fitium,
892 3187 921 3237 in
940 3198 1083 3258 praetura,
1101 3202 1180 3259 quarn
1200 3189 1311 3239 loannis
1329 3195 1423 3255 tyran-

334 3250 365 3305 ni
383 3256 552 3325 temporibus
573 3256 669 3325 gessit,
696 3258 754 3309 nuri
778 3258 948 3311 centenarios
972 3258 1117 3311 duodecim
1136 3258 1306 3326 expendisse:
1342 3258 1423 3325 Sym-

243 3370 250 3392 ,
335 3325 459 3377 mochum
477 3344 541 3378 vero
560 3335 713 3392 oratorem,
731 3328 863 3379 mediocri
881 3344 962 3379 censu
984 3337 1145 3388 senatorem,
1164 3335 1226 3380 ante
1248 3336 1354 3395 captam
1376 3345 1423 3377 nr·

337 3392 399 3447 bem
416 3398 474 3447 filio
493 3396 654 3463 Symmacho
676 3407 831 3468 praeturam
849 3406 976 3465 gerente,
1003 3400 1173 3451 centenarios
1192 3396 1362 3466 impendisse
1379 3399 1420 3449 ri·

339 3466 424 3534 ginti3
459 3465 607 3518 Maximum
626 3468 710 3531 dein,
729 3484 762 3519 ex
781 3468 920 3535 opulentis
946 3486 976 3519 ne
994 3467 1082 3522 beatis
1101 3484 1204 3531 arnum,
1221 3469 1251 3518 in
1271 3469 1322 3519 lilii
1341 3484 1421 3536 prae·

338 3543 428 3585 turam
454 3536 634 3605 qnadraginta
668 3538 837 3590 centenarios
860 3539 1035 3606 impendisse.
1080 3540 1190 3608 Septem
1212 3547 1304 3589 antem
1323 3538 1419 3591 diebus

336 3606 472 3656 solemnes
489 3606 568 3660 ludos
585 3616 725 3678 praetores
741 3606 925 3659 celebrabant.
1496 3656 1497 3661 ,

410 3676 531 3743 Scriptor
555 3678 602 3729 hic
620 3679 742 3746 Ulyssem
772 3678 812 3728 ait
839 3694 895 3727 non
921 3679 991 3729 circa
1011 3677 1149 3739 Siciliam,
1170 3678 1218 3730 sed
1234 3676 1269 3728 ad
1287 3686 1417 3731 extremas

340 3742 438 3795 Italiae
458 3759 516 3797 oras
543 3747 694 3801 oberrasse:
723 3757 751 3799 et
779 3749 892 3799 traiecto
911 3748 1020 3798 Oceano
1048 3748 1082 3799 ad
1110 3748 1211 3800 inferos
1228 3747 1417 3808 descendisse.
1496 3748 1497 3799 ἶ

338 3810 424 3881 'atque
437 3813 466 3864 in
484 3831 516 3868 eo
536 3818 603 3869 mari
613 3820 696 3872 variis
713 3820 791 3870 illum
811 3818 947 3870 erroribus
966 3818 1092 3869 iactatum
1112 3818 1203 3870 luisse.
1222 3818 1306 3887 Quod
1326 3820 1415 3871 multis
1496 3808 1497 3829 ¹

339 3884 501 3937 confirmare
524 3888 631 3941 nititur.
682 3889 738 3944 Nos
766 3898 795 3941 et
829 3888 898 3940 alios
923 3888 1015 3957 piures
1042 3889 1154 3959 legimns
1178 3890 1208 3940 in
1230 3888 1274 3942 hir
1292 3906 1353 3941 cum
1370 3891 1415 3941 ἰΙΙο

340 3953 504 4005 consentire.

412 4022 531 4077 Remissa
554 4034 596 4079 est
614 4024 853 4099 Constantinopoli
881 4045 898 4079 a
916 4026 1071 4081 Theodosio
1095 4027 1215 4081 Placidia
1239 4044 1301 4080 eum
1324 4027 1417 4080 liberis

341 4090 471 4146 adversus
496 4097 625 4154 loannem
650 4107 809 4163 tyrannum:
834 4106 863 4151 et
879 4098 928 4150 illa
947 4098 1059 4171 quidem
1075 4100 1213 4169 Augustae
1229 4114 1346 4159 nomen,
1364 4097 1417 4146 Va-

341 4162 509 4221 lentinianos
532 4182 597 4226 vrso
626 4165 798 4222 Nobilissimi
830 4170 949 4224 titulum·
962 4170 1060 4225 iterato
1089 4170 1215 4242 suscepit
1263 4168 1415 4223 Submissrs
