<?xml version="1.0" encoding="UTF-8"?>
<!DOCTYPE html PUBLIC "-//W3C//DTD XHTML 1.0 Transitional//EN"
    "http://www.w3.org/TR/xhtml1/DTD/xhtml1-transitional.dtd">
<html xmlns="http://www.w3.org/1999/xhtml" xml:lang="en" lang="en">
 <head>
  <title>
</title>
<meta http-equiv="Content-Type" content="text/html;charset=utf-8" />
  <meta name='ocr-system' content='tesseract 3.04.00' />
  <meta name='ocr-capabilities' content='ocr_page ocr_carea ocr_par ocr_line ocrx_word'/>
</head>
<body>
  <div class='ocr_page' id='page_1' title='image "./corpusscriptoru41niebgoog_0343.png"; bbox 0 0 3050 4892; ppageno 0'>
   <div class='ocr_carea' id='block_1_1' title="bbox 519 308 1251 406">
    <p class='ocr_par' dir='ltr' id='par_1_1' title="bbox 519 308 1251 406">
     <span class='ocr_line' id='line_1_1' title="bbox 519 308 1251 406; baseline 0.007 -33"><span class='ocrx_word' id='word_1_1' title='bbox 519 308 730 375; x_wconf 77' lang='lat' dir='ltr'><strong>nutmm</strong></span> <span class='ocrx_word' id='word_1_2' title='bbox 760 311 968 382; x_wconf 82' lang='lat' dir='ltr'><strong>ursroum.</strong></span> <span class='ocrx_word' id='word_1_3' title='bbox 1172 321 1251 406; x_wconf 73' lang='lat' dir='ltr'><strong>ops</strong></span> 
     </span>
    </p>
   </div>
   <div class='ocr_carea' id='block_1_2' title="bbox 112 459 1261 2643">
    <p class='ocr_par' dir='ltr' id='par_1_2' title="bbox 112 459 1261 2643">
     <span class='ocr_line' id='line_1_2' title="bbox 165 459 1257 565; baseline 0.016 -41"><span class='ocrx_word' id='word_1_4' title='bbox 165 461 307 548; x_wconf 80' lang='grc' dir='ltr'><strong><em>χρηστός</em></strong></span> <span class='ocrx_word' id='word_1_5' title='bbox 328 459 537 549; x_wconf 81' lang='grc' dir='ltr'><strong><em>φαινόμενος,</em></strong></span> <span class='ocrx_word' id='word_1_6' title='bbox 579 461 624 540; x_wconf 76' lang='grc' dir='ltr'><strong><em>ὦς</em></strong></span> <span class='ocrx_word' id='word_1_7' title='bbox 643 465 679 528; x_wconf 77' lang='grc' dir='ltr'><strong>δὲ</strong></span> <span class='ocrx_word' id='word_1_8' title='bbox 699 467 735 530; x_wconf 74' lang='grc' dir='ltr'><strong><em>ἐν</em></strong></span> <span class='ocrx_word' id='word_1_9' title='bbox 762 466 980 553; x_wconf 84' lang='grc' dir='ltr'><strong><em>Χριστιανούς</em></strong></span> <span class='ocrx_word' id='word_1_10' title='bbox 998 469 1117 549; x_wconf 79' lang='grc' dir='ltr'><em>πάντας</em></span> <span class='ocrx_word' id='word_1_11' title='bbox 1138 475 1257 565; x_wconf 81' lang='grc' dir='ltr'><strong><em>δχούση</em></strong></span> 
     </span>
     <span class='ocr_line' id='line_1_3' title="bbox 164 557 1258 660; baseline 0.011 -33"><span class='ocrx_word' id='word_1_12' title='bbox 164 558 272 642; x_wconf 84' lang='grc' dir='ltr'><strong><em>πόλει,</em></strong></span> <span class='ocrx_word' id='word_1_13' title='bbox 300 557 338 627; x_wconf 86' lang='grc' dir='ltr'><strong>τύ</strong></span> <span class='ocrx_word' id='word_1_14' title='bbox 355 561 532 646; x_wconf 80' lang='grc' dir='ltr'><strong><em>Ἑλληνικόν</em></strong></span> <span class='ocrx_word' id='word_1_15' title='bbox 559 563 665 628; x_wconf 81' lang='grc' dir='ltr'><strong><em>αύτού</em></strong></span> <span class='ocrx_word' id='word_1_16' title='bbox 682 567 738 650; x_wconf 76' lang='grc' dir='ltr'><strong><em>τῆς</em></strong></span> <span class='ocrx_word' id='word_1_17' title='bbox 759 566 929 652; x_wconf 74' lang='grc' dir='ltr'><strong><em>θρησκείας</em></strong></span> <span class='ocrx_word' id='word_1_18' title='bbox 956 571 1013 632; x_wconf 85' lang='grc' dir='ltr'><strong>ούκ</strong></span> <span class='ocrx_word' id='word_1_19' title='bbox 1032 567 1106 654; x_wconf 79' lang='grc' dir='ltr'><strong><em>ἔχον</em></strong></span> <span class='ocrx_word' id='word_1_20' title='bbox 1125 569 1258 660; x_wconf 87' lang='grc' dir='ltr'><strong><em>ύπόκρι-</em></strong></span> 
     </span>
     <span class='ocr_line' id='line_1_4' title="bbox 164 655 1259 758; baseline 0.015 -34"><span class='ocrx_word' id='word_1_21' title='bbox 164 684 239 741; x_wconf 91' lang='grc' dir='ltr'><strong><em>σιν,</em></strong></span> <span class='ocrx_word' id='word_1_22' title='bbox 261 657 344 725; x_wconf 78' lang='lat' dir='ltr'><strong>oillei</strong></span> <span class='ocrx_word' id='word_1_23' title='bbox 372 658 455 742; x_wconf 83' lang='grc' dir='ltr'><strong><em>μετύ</em></strong></span> <span class='ocrx_word' id='word_1_24' title='bbox 484 655 668 748; x_wconf 74' lang='grc' dir='ltr'><strong><em>παρ’ῥησίας</em></strong></span> <span class='ocrx_word' id='word_1_25' title='bbox 694 660 862 750; x_wconf 70' lang='grc' dir='ltr'><strong><em>προδήλως</em></strong></span> <span class='ocrx_word' id='word_1_26' title='bbox 894 663 1116 752; x_wconf 77' lang='grc' dir='ltr'><strong><em>δεικνύμενον,</em></strong></span> <span class='ocrx_word' id='word_1_27' title='bbox 1138 674 1183 748; x_wconf 79' lang='grc' dir='ltr'><strong>είς</strong></span> <span class='ocrx_word' id='word_1_28' title='bbox 1201 673 1259 758; x_wconf 74' lang='grc' dir='ltr'><strong><em>τήν</em></strong></span> 
     </span>
     <span class='ocr_line' id='line_1_5' title="bbox 163 755 1259 858; baseline 0.013 -34"><span class='ocrx_word' id='word_1_29' title='bbox 163 763 223 824; x_wconf 83' lang='grc' dir='ltr'><strong>τού</strong></span> <span class='ocrx_word' id='word_1_30' title='bbox 249 756 306 824; x_wconf 70' lang='lat' dir='ltr'><strong>zoi</strong></span> <span class='ocrx_word' id='word_1_31' title='bbox 331 759 424 846; x_wconf 74' lang='grc' dir='ltr'><strong><em>ἕτερα</em></strong></span> <span class='ocrx_word' id='word_1_32' title='bbox 453 763 509 845; x_wconf 82' lang='grc' dir='ltr'><strong><em>τῆς</em></strong></span> <span class='ocrx_word' id='word_1_33' title='bbox 539 755 678 848; x_wconf 71' lang='grc' dir='ltr'><strong><em>α’ῥρἡιου</em></strong></span> <span class='ocrx_word' id='word_1_34' title='bbox 712 765 830 850; x_wconf 78' lang='grc' dir='ltr'><strong><em>σοφίας</em></strong></span> <span class='ocrx_word' id='word_1_35' title='bbox 857 765 977 832; x_wconf 75' lang='grc' dir='ltr'><strong><em>εἰδέναι</em></strong></span> <span class='ocrx_word' id='word_1_36' title='bbox 1005 766 1156 835; x_wconf 74' lang='grc' dir='ltr'><strong><em>ὑπόνοιαν</em></strong></span> <span class='ocrx_word' id='word_1_37' title='bbox 1182 765 1259 858; x_wconf 78' lang='grc' dir='ltr'><strong><em>ἦγε.</em></strong></span> 
     </span>
     <span class='ocr_line' id='line_1_6' title="bbox 144 852 1261 948; baseline 0.013 -26"><span class='ocrx_word' id='word_1_38' title='bbox 144 858 368 933; x_wconf 67' lang='grc' dir='ltr'><strong><em>ὅσυσταθέντα</em></strong></span> <span class='ocrx_word' id='word_1_39' title='bbox 398 861 435 925; x_wconf 80' lang='grc' dir='ltr'><strong>δὲ</strong></span> <span class='ocrx_word' id='word_1_40' title='bbox 462 853 564 924; x_wconf 82' lang='grc' dir='ltr'><strong><em>αύτὸν</em></strong></span> <span class='ocrx_word' id='word_1_41' title='bbox 584 859 602 924; x_wconf 82' lang='grc' dir='ltr'><strong><em>δ</em></strong></span> <span class='ocrx_word' id='word_1_42' title='bbox 622 852 746 937; x_wconf 82' lang='grc' dir='ltr'><strong><em>Ἴλλους</em></strong></span> <span class='ocrx_word' id='word_1_43' title='bbox 766 862 870 947; x_wconf 78' lang='grc' dir='ltr'><strong><em>ἡδέως</em></strong></span> <span class='ocrx_word' id='word_1_44' title='bbox 891 867 1037 948; x_wconf 80' lang='grc' dir='ltr'><strong><em>δέχεται.</em></strong></span> <span class='ocrx_word' id='word_1_45' title='bbox 1078 871 1185 935; x_wconf 78' lang='grc' dir='ltr'><strong><em>καίει</em></strong></span> <span class='ocrx_word' id='word_1_46' title='bbox 1204 875 1261 938; x_wconf 75' lang='grc' dir='ltr'><strong><em>κατ’</em></strong></span> 
     </span>
     <span class='ocr_line' id='line_1_7' title="bbox 165 959 1259 1050; baseline 0.009 -26"><span class='ocrx_word' id='word_1_47' title='bbox 165 961 306 1046; x_wconf 80' lang='grc' dir='ltr'><strong><em>δημοσίηι</em></strong></span> <span class='ocrx_word' id='word_1_48' title='bbox 326 959 448 1044; x_wconf 87' lang='grc' dir='ltr'><strong><em>ποίημα</em></strong></span> <span class='ocrx_word' id='word_1_49' title='bbox 470 959 645 1044; x_wconf 75' lang='grc' dir='ltr'><strong><em>ἀναγνόντα</em></strong></span> <span class='ocrx_word' id='word_1_50' title='bbox 665 963 820 1047; x_wconf 78' lang='grc' dir='ltr'><strong><em>λαμπρῶς</em></strong></span> <span class='ocrx_word' id='word_1_51' title='bbox 841 985 877 1026; x_wconf 86' lang='grc' dir='ltr'><strong><em>τε</em></strong></span> <span class='ocrx_word' id='word_1_52' title='bbox 897 964 1044 1050; x_wconf 78' lang='grc' dir='ltr'><strong><em>ἐτίμησε,</em></strong></span> <span class='ocrx_word' id='word_1_53' title='bbox 1067 966 1123 1032; x_wconf 76' lang='grc' dir='ltr'><strong><em>κατ’</em></strong></span> <span class='ocrx_word' id='word_1_54' title='bbox 1142 967 1259 1034; x_wconf 82' lang='grc' dir='ltr'><strong><em>σύντα-</em></strong></span> 
     </span>
     <span class='ocr_line' id='line_1_8' title="bbox 165 1052 1258 1160; baseline 0.01 -37"><span class='ocrx_word' id='word_1_55' title='bbox 165 1063 215 1139; x_wconf 84' lang='grc' dir='ltr'><strong>ξιν</strong></span> <span class='ocrx_word' id='word_1_56' title='bbox 236 1053 443 1146; x_wconf 77' lang='grc' dir='ltr'><strong><em>ἐδωρήσατο,</em></strong></span> <span class='ocrx_word' id='word_1_57' title='bbox 477 1057 535 1142; x_wconf 75' lang='grc' dir='ltr'><strong><em>τὴν</em></strong></span> <span class='ocrx_word' id='word_1_58' title='bbox 553 1061 619 1141; x_wconf 72' lang='grc' dir='ltr'><strong><em>μὲν·</em></strong></span> <span class='ocrx_word' id='word_1_59' title='bbox 636 1052 735 1137; x_wconf 72' lang='lat' dir='ltr'><strong>ariade</strong></span> <span class='ocrx_word' id='word_1_60' title='bbox 763 1061 851 1150; x_wconf 75' lang='grc' dir='ltr'><strong><em>ἰδίη,</em></strong></span> <span class='ocrx_word' id='word_1_61' title='bbox 872 1061 932 1146; x_wconf 79' lang='grc' dir='ltr'><strong><em>τὴν</em></strong></span> <span class='ocrx_word' id='word_1_62' title='bbox 953 1065 989 1128; x_wconf 77' lang='grc' dir='ltr'><strong>δὲ</strong></span> <span class='ocrx_word' id='word_1_63' title='bbox 1012 1063 1056 1141; x_wconf 78' lang='grc' dir='ltr'><strong><em>οὖς</em></strong></span> <span class='ocrx_word' id='word_1_64' title='bbox 1076 1065 1258 1160; x_wconf 75' lang='grc' dir='ltr'><strong><em>διδασκάλῳ</em></strong></span> 
     </span>
     <span class='ocr_line' id='line_1_9' title="bbox 162 1157 1258 1253; baseline 0.011 -31"><span class='ocrx_word' id='word_1_65' title='bbox 162 1157 222 1223; x_wconf 70' lang='grc' dir='ltr'><strong>κατ’</strong></span> <span class='ocrx_word' id='word_1_66' title='bbox 248 1160 284 1224; x_wconf 78' lang='grc' dir='ltr'><strong>ἔκ</strong></span> <span class='ocrx_word' id='word_1_67' title='bbox 313 1159 374 1223; x_wconf 82' lang='grc' dir='ltr'><strong>τού</strong></span> <span class='ocrx_word' id='word_1_68' title='bbox 399 1158 574 1244; x_wconf 89' lang='grc' dir='ltr'><strong><em>δημοσίου.</em></strong></span> <span class='ocrx_word' id='word_1_69' title='bbox 628 1159 685 1224; x_wconf 83' lang='grc' dir='ltr'><strong>καὶ</strong></span> <span class='ocrx_word' id='word_1_70' title='bbox 715 1158 907 1238; x_wconf 74' lang='grc' dir='ltr'><strong><em>ἀπελθόντος</em></strong></span> <span class='ocrx_word' id='word_1_71' title='bbox 937 1165 972 1229; x_wconf 81' lang='grc' dir='ltr'><strong>δὲ</strong></span> <span class='ocrx_word' id='word_1_72' title='bbox 993 1165 1099 1229; x_wconf 84' lang='grc' dir='ltr'><strong><em>αύτού</em></strong></span> <span class='ocrx_word' id='word_1_73' title='bbox 1127 1167 1172 1242; x_wconf 78' lang='grc' dir='ltr'><strong>εἰς</strong></span> <span class='ocrx_word' id='word_1_74' title='bbox 1197 1166 1258 1253; x_wconf 72' lang='grc' dir='ltr'><strong><em>τὴν</em></strong></span> 
     </span>
     <span class='ocr_line' id='line_1_10' title="bbox 161 1253 1258 1351; baseline 0.007 -27"><span class='ocrx_word' id='word_1_75' title='bbox 161 1259 343 1343; x_wconf 83' lang='grc' dir='ltr'><strong><em>Ἰσαυρίαν,</em></strong></span> <span class='ocrx_word' id='word_1_76' title='bbox 371 1253 402 1322; x_wconf 77' lang='grc' dir='ltr'><strong>οἱ</strong></span> <span class='ocrx_word' id='word_1_77' title='bbox 420 1256 643 1341; x_wconf 77' lang='grc' dir='ltr'><strong><em>βασκαίνοντες</em></strong></span> <span class='ocrx_word' id='word_1_78' title='bbox 661 1253 751 1348; x_wconf 72' lang='grc' dir='ltr'><strong><em>αύτῷ</em></strong></span> <span class='ocrx_word' id='word_1_79' title='bbox 771 1264 939 1338; x_wconf 69' lang='grc' dir='ltr'><strong><em>συνθέντες</em></strong></span> <span class='ocrx_word' id='word_1_80' title='bbox 960 1263 1132 1349; x_wconf 74' lang='grc' dir='ltr'><strong><em>διαβολήν,</em></strong></span> <span class='ocrx_word' id='word_1_81' title='bbox 1152 1265 1210 1351; x_wconf 82' lang='grc' dir='ltr'><strong><em>τήν</em></strong></span> <span class='ocrx_word' id='word_1_82' title='bbox 1221 1291 1258 1332; x_wconf 82' lang='grc' dir='ltr'><strong><em>τε</em></strong></span> 
     </span>
     <span class='ocr_line' id='line_1_11' title="bbox 121 1351 1258 1456; baseline 0.005 -32"><span class='ocrx_word' id='word_1_83' title='bbox 121 1361 200 1430; x_wconf 79' lang='grc' dir='ltr'><strong>ιοὲκ</strong></span> <span class='ocrx_word' id='word_1_84' title='bbox 229 1361 287 1444; x_wconf 81' lang='grc' dir='ltr'><strong><em>τῆς</em></strong></span> <span class='ocrx_word' id='word_1_85' title='bbox 313 1357 501 1446; x_wconf 86' lang='grc' dir='ltr'><strong><em>θρησκείας,</em></strong></span> <span class='ocrx_word' id='word_1_86' title='bbox 533 1355 590 1423; x_wconf 79' lang='grc' dir='ltr'><strong>καί</strong></span> <span class='ocrx_word' id='word_1_87' title='bbox 621 1351 670 1424; x_wconf 78' lang='grc' dir='ltr'><strong><em>ὅτι</em></strong></span> <span class='ocrx_word' id='word_1_88' title='bbox 696 1360 889 1446; x_wconf 76' lang='grc' dir='ltr'><strong><em>μαγγανεύει</em></strong></span> <span class='ocrx_word' id='word_1_89' title='bbox 916 1359 973 1426; x_wconf 68' lang='grc' dir='ltr'><strong><em>κατ’</em></strong></span> <span class='ocrx_word' id='word_1_90' title='bbox 1000 1361 1191 1445; x_wconf 75' lang='grc' dir='ltr'><strong><em>μαντεύοιτο</em></strong></span> <span class='ocrx_word' id='word_1_91' title='bbox 1211 1369 1258 1456; x_wconf 70' lang='grc' dir='ltr'><strong>τῷ</strong></span> 
     </span>
     <span class='ocr_line' id='line_1_12' title="bbox 151 1449 1255 1552; baseline 0.011 -33"><span class='ocrx_word' id='word_1_92' title='bbox 151 1449 246 1547; x_wconf 71' lang='grc' dir='ltr'><strong><em>Ἰλλιρ</em></strong></span> <span class='ocrx_word' id='word_1_93' title='bbox 266 1456 344 1523; x_wconf 78' lang='lat' dir='ltr'><strong>uerri</strong></span> <span class='ocrx_word' id='word_1_94' title='bbox 366 1461 426 1522; x_wconf 80' lang='grc' dir='ltr'><strong>τοῦ</strong></span> <span class='ocrx_word' id='word_1_95' title='bbox 444 1460 617 1542; x_wconf 71' lang='grc' dir='ltr'><strong><em>βασιλέως,</em></strong></span> <span class='ocrx_word' id='word_1_96' title='bbox 631 1461 782 1525; x_wconf 84' lang='grc' dir='ltr'><strong><em>πείθουσι</em></strong></span> <span class='ocrx_word' id='word_1_97' title='bbox 801 1458 856 1525; x_wconf 84' lang='grc' dir='ltr'><strong><em>τὸν</em></strong></span> <span class='ocrx_word' id='word_1_98' title='bbox 877 1461 1012 1546; x_wconf 78' lang='grc' dir='ltr'><strong><em>Ζήνωνα</em></strong></span> <span class='ocrx_word' id='word_1_99' title='bbox 1033 1467 1090 1528; x_wconf 76' lang='grc' dir='ltr'><strong><em>κατ’</em></strong></span> <span class='ocrx_word' id='word_1_100' title='bbox 1108 1463 1255 1552; x_wconf 61' lang='lat' dir='ltr'><em>131qu-</em></span> 
     </span>
     <span class='ocr_line' id='line_1_13' title="bbox 158 1553 1254 1648; baseline 0.009 -26"><span class='ocrx_word' id='word_1_101' title='bbox 158 1560 255 1648; x_wconf 89' lang='grc' dir='ltr'><strong><em>ρίναν</em></strong></span> <span class='ocrx_word' id='word_1_102' title='bbox 272 1553 345 1623; x_wconf 85' lang='grc' dir='ltr'><strong><em>τύτε</em></strong></span> <span class='ocrx_word' id='word_1_103' title='bbox 363 1559 501 1642; x_wconf 76' lang='grc' dir='ltr'><strong><em>μέγιστα</em></strong></span> <span class='ocrx_word' id='word_1_104' title='bbox 529 1559 707 1644; x_wconf 80' lang='grc' dir='ltr'><strong><em>δυναμένην</em></strong></span> <span class='ocrx_word' id='word_1_105' title='bbox 726 1563 783 1645; x_wconf 81' lang='grc' dir='ltr'><strong><em>τῆς</em></strong></span> <span class='ocrx_word' id='word_1_106' title='bbox 802 1556 922 1636; x_wconf 82' lang='grc' dir='ltr'><strong><em>πόλεως</em></strong></span> <span class='ocrx_word' id='word_1_107' title='bbox 940 1563 1120 1646; x_wconf 77' lang='grc' dir='ltr'><strong><em>ἐκπέμψαι.</em></strong></span> <span class='ocrx_word' id='word_1_108' title='bbox 1163 1566 1254 1632; x_wconf 76' lang='lat' dir='ltr'><strong>auid</strong></span> 
     </span>
     <span class='ocr_line' id='line_1_14' title="bbox 156 1651 1254 1748; baseline 0.005 -24"><span class='ocrx_word' id='word_1_109' title='bbox 156 1661 220 1740; x_wconf 78' lang='grc' dir='ltr'><strong><em>μὲν</em></strong></span> <span class='ocrx_word' id='word_1_110' title='bbox 239 1659 272 1734; x_wconf 80' lang='grc' dir='ltr'><strong><em>ἒς</em></strong></span> <span class='ocrx_word' id='word_1_111' title='bbox 291 1661 470 1743; x_wconf 78' lang='grc' dir='ltr'><strong><em>Πέργαμον</em></strong></span> <span class='ocrx_word' id='word_1_112' title='bbox 489 1656 621 1743; x_wconf 83' lang='grc' dir='ltr'><strong><em>ἔρχεται</em></strong></span> <span class='ocrx_word' id='word_1_113' title='bbox 640 1661 698 1744; x_wconf 78' lang='grc' dir='ltr'><strong><em>τῆς</em></strong></span> <span class='ocrx_word' id='word_1_114' title='bbox 721 1662 873 1737; x_wconf 86' lang='grc' dir='ltr'><strong><em>Μυσίας·</em></strong></span> <span class='ocrx_word' id='word_1_115' title='bbox 909 1651 1032 1739; x_wconf 76' lang='grc' dir='ltr'><strong><em>Ἷλλους</em></strong></span> <span class='ocrx_word' id='word_1_116' title='bbox 1053 1665 1089 1730; x_wconf 82' lang='grc' dir='ltr'><strong>δὲ</strong></span> <span class='ocrx_word' id='word_1_117' title='bbox 1110 1661 1254 1748; x_wconf 85' lang='grc' dir='ltr'><strong><em>πυθόμε-</em></strong></span> 
     </span>
     <span class='ocr_line' id='line_1_15' title="bbox 156 1754 1254 1849; baseline 0.006 -27"><span class='ocrx_word' id='word_1_118' title='bbox 156 1779 222 1838; x_wconf 87' lang='grc' dir='ltr'><strong><em>νος,</em></strong></span> <span class='ocrx_word' id='word_1_119' title='bbox 243 1755 321 1823; x_wconf 78' lang='grc' dir='ltr'><strong><em>κατὰ</em></strong></span> <span class='ocrx_word' id='word_1_120' title='bbox 337 1755 393 1843; x_wconf 75' lang='grc' dir='ltr'><strong><em>την</em></strong></span> <span class='ocrx_word' id='word_1_121' title='bbox 413 1758 514 1822; x_wconf 80' lang='grc' dir='ltr'><strong>αύτοῦ</strong></span> <span class='ocrx_word' id='word_1_122' title='bbox 528 1755 692 1846; x_wconf 85' lang='grc' dir='ltr'><strong><em>πρόφασιν</em></strong></span> <span class='ocrx_word' id='word_1_123' title='bbox 706 1756 884 1844; x_wconf 71' lang='grc' dir='ltr'><strong><em>ἐληλάσθαι</em></strong></span> <span class='ocrx_word' id='word_1_124' title='bbox 904 1759 960 1826; x_wconf 80' lang='grc' dir='ltr'><strong><em>τὸν</em></strong></span> <span class='ocrx_word' id='word_1_125' title='bbox 982 1754 1103 1849; x_wconf 71' lang='grc' dir='ltr'><strong><em>ἄνδρα,</em></strong></span> <span class='ocrx_word' id='word_1_126' title='bbox 1123 1767 1254 1848; x_wconf 80' lang='grc' dir='ltr'><strong><em>πέμψας</em></strong></span> 
     </span>
     <span class='ocr_line' id='line_1_16' title="bbox 119 1853 1253 1944; baseline 0.007 -23"><span class='ocrx_word' id='word_1_127' title='bbox 119 1856 380 1940; x_wconf 79' lang='grc' dir='ltr'><strong><em>ι5οἶναλαμβύνει</em></strong></span> <span class='ocrx_word' id='word_1_128' title='bbox 412 1853 513 1922; x_wconf 85' lang='grc' dir='ltr'><strong><em>αύτύν</em></strong></span> <span class='ocrx_word' id='word_1_129' title='bbox 539 1859 574 1934; x_wconf 78' lang='grc' dir='ltr'><strong><em>ἐς</em></strong></span> <span class='ocrx_word' id='word_1_130' title='bbox 590 1859 774 1944; x_wconf 85' lang='grc' dir='ltr'><strong><em>Ἰσαυρίαν.</em></strong></span> <span class='ocrx_word' id='word_1_131' title='bbox 825 1859 882 1923; x_wconf 87' lang='grc' dir='ltr'><strong><em>καί</em></strong></span> <span class='ocrx_word' id='word_1_132' title='bbox 901 1859 1082 1942; x_wconf 77' lang='grc' dir='ltr'><strong><em>σύμβουλόν</em></strong></span> <span class='ocrx_word' id='word_1_133' title='bbox 1101 1887 1136 1926; x_wconf 87' lang='grc' dir='ltr'><strong><em>τε</em></strong></span> <span class='ocrx_word' id='word_1_134' title='bbox 1157 1859 1253 1929; x_wconf 85' lang='grc' dir='ltr'><strong><em>αύτὸν</em></strong></span> 
     </span>
     <span class='ocr_line' id='line_1_17' title="bbox 160 1952 1253 2044; baseline 0.004 -22"><span class='ocrx_word' id='word_1_135' title='bbox 160 1957 220 2022; x_wconf 74' lang='grc' dir='ltr'><strong><em>κατ’</em></strong></span> <span class='ocrx_word' id='word_1_136' title='bbox 239 1953 386 2022; x_wconf 93' lang='grc' dir='ltr'><strong><em>σύνοικον</em></strong></span> <span class='ocrx_word' id='word_1_137' title='bbox 410 1964 563 2022; x_wconf 83' lang='grc' dir='ltr'><strong><em>ποιεῖται·</em></strong></span> <span class='ocrx_word' id='word_1_138' title='bbox 604 1955 661 2022; x_wconf 79' lang='grc' dir='ltr'><strong>καί</strong></span> <span class='ocrx_word' id='word_1_139' title='bbox 681 1952 735 2044; x_wconf 79' lang='grc' dir='ltr'><strong><em>(ἧν</em></strong></span> <span class='ocrx_word' id='word_1_140' title='bbox 751 1955 815 2044; x_wconf 84' lang='grc' dir='ltr'><strong>γύρ</strong></span> <span class='ocrx_word' id='word_1_141' title='bbox 837 1962 999 2044; x_wconf 80' lang='grc' dir='ltr'><strong><em>πολιτικῆς</em></strong></span> <span class='ocrx_word' id='word_1_142' title='bbox 1019 1964 1175 2037; x_wconf 77' lang='grc' dir='ltr'><strong><em>συνέσεως</em></strong></span> <span class='ocrx_word' id='word_1_143' title='bbox 1195 1959 1253 2044; x_wconf 80' lang='grc' dir='ltr'><strong>ἔμ-</strong></span> 
     </span>
     <span class='ocr_line' id='line_1_18' title="bbox 154 2049 1252 2144; baseline 0.005 -24"><span class='ocrx_word' id='word_1_144' title='bbox 154 2061 273 2144; x_wconf 80' lang='grc' dir='ltr'><strong><em>πλεως)</em></strong></span> <span class='ocrx_word' id='word_1_145' title='bbox 304 2053 344 2122; x_wconf 84' lang='grc' dir='ltr'><strong>τύ</strong></span> <span class='ocrx_word' id='word_1_146' title='bbox 374 2059 431 2143; x_wconf 82' lang='grc' dir='ltr'><strong><em>τῆς</em></strong></span> <span class='ocrx_word' id='word_1_147' title='bbox 462 2051 564 2142; x_wconf 81' lang='grc' dir='ltr'><strong><em>ἆρχῆς</em></strong></span> <span class='ocrx_word' id='word_1_148' title='bbox 582 2049 702 2137; x_wconf 84' lang='grc' dir='ltr'><strong><em>αύτού,</em></strong></span> <span class='ocrx_word' id='word_1_149' title='bbox 725 2055 806 2143; x_wconf 83' lang='grc' dir='ltr'><strong><em>πρὸς</em></strong></span> <span class='ocrx_word' id='word_1_150' title='bbox 825 2055 848 2122; x_wconf 84' lang='lat' dir='ltr'><strong>ii</strong></span> <span class='ocrx_word' id='word_1_151' title='bbox 866 2053 913 2141; x_wconf 77' lang='grc' dir='ltr'><strong>μὴ</strong></span> <span class='ocrx_word' id='word_1_152' title='bbox 933 2054 1054 2142; x_wconf 77' lang='grc' dir='ltr'><strong><em>σχολὴν</em></strong></span> <span class='ocrx_word' id='word_1_153' title='bbox 1073 2052 1147 2143; x_wconf 81' lang='grc' dir='ltr'><strong><em>ἦγε,</em></strong></span> <span class='ocrx_word' id='word_1_154' title='bbox 1170 2063 1252 2126; x_wconf 89' lang='grc' dir='ltr'><strong><em>διοι-</em></strong></span> 
     </span>
     <span class='ocr_line' id='line_1_19' title="bbox 153 2154 1251 2247; baseline 0.004 -25"><span class='ocrx_word' id='word_1_155' title='bbox 153 2164 224 2222; x_wconf 77' lang='grc' dir='ltr'><strong><em>κείν</em></strong></span> <span class='ocrx_word' id='word_1_156' title='bbox 256 2157 445 2242; x_wconf 74' lang='grc' dir='ltr'><strong><em>ἐπέτρεπεν,</em></strong></span> <span class='ocrx_word' id='word_1_157' title='bbox 473 2155 577 2223; x_wconf 62' lang='lat' dir='ltr'><strong>&amp;tadu</strong></span> <span class='ocrx_word' id='word_1_158' title='bbox 605 2181 640 2223; x_wconf 81' lang='lat' dir='ltr'><strong>rs</strong></span> <span class='ocrx_word' id='word_1_159' title='bbox 670 2159 704 2233; x_wconf 70' lang='grc' dir='ltr'><strong><em>ἐς</em></strong></span> <span class='ocrx_word' id='word_1_160' title='bbox 723 2157 905 2236; x_wconf 81' lang='grc' dir='ltr'><strong><em>Βυζάντιον</em></strong></span> <span class='ocrx_word' id='word_1_161' title='bbox 922 2161 1169 2247; x_wconf 79' lang='grc' dir='ltr'><strong><em>συμπαρέλαβεν</em></strong></span> <span class='ocrx_word' id='word_1_162' title='bbox 1191 2154 1251 2226; x_wconf 84' lang='grc' dir='ltr'><strong>αύ-</strong></span> 
     </span>
     <span class='ocr_line' id='line_1_20' title="bbox 153 2251 1250 2344; baseline 0.005 -24"><span class='ocrx_word' id='word_1_163' title='bbox 153 2255 227 2322; x_wconf 90' lang='grc' dir='ltr'><strong><em>τύν.</em></strong></span> <span class='ocrx_word' id='word_1_164' title='bbox 258 2257 315 2322; x_wconf 84' lang='grc' dir='ltr'><strong><em>καί</em></strong></span> <span class='ocrx_word' id='word_1_165' title='bbox 334 2251 384 2322; x_wconf 76' lang='grc' dir='ltr'><strong><em>ὅτε</em></strong></span> <span class='ocrx_word' id='word_1_166' title='bbox 403 2256 522 2340; x_wconf 72' lang='grc' dir='ltr'><strong><em>ἐγένετο</em></strong></span> <span class='ocrx_word' id='word_1_167' title='bbox 544 2252 566 2341; x_wconf 80' lang='grc' dir='ltr'><em>ἦ</em></span> <span class='ocrx_word' id='word_1_168' title='bbox 587 2259 783 2343; x_wconf 84' lang='grc' dir='ltr'><strong><em>Μαρκιανού</em></strong></span> <span class='ocrx_word' id='word_1_169' title='bbox 802 2253 972 2339; x_wconf 82' lang='grc' dir='ltr'><strong><em>σύστασις,</em></strong></span> <span class='ocrx_word' id='word_1_170' title='bbox 995 2257 1174 2344; x_wconf 81' lang='grc' dir='ltr'><strong><em>ἅπορούντα</em></strong></span> <span class='ocrx_word' id='word_1_171' title='bbox 1195 2259 1250 2326; x_wconf 82' lang='grc' dir='ltr'><strong><em>τόν</em></strong></span> 
     </span>
     <span class='ocr_line' id='line_1_21' title="bbox 112 2347 1248 2443; baseline 0.002 -20"><span class='ocrx_word' id='word_1_172' title='bbox 112 2347 272 2423; x_wconf 65' lang='lat' dir='ltr'><strong>adlatura</strong></span> <span class='ocrx_word' id='word_1_173' title='bbox 300 2349 398 2432; x_wconf 86' lang='grc' dir='ltr'><strong><em>αύτύς</em></strong></span> <span class='ocrx_word' id='word_1_174' title='bbox 416 2355 639 2443; x_wconf 75' lang='grc' dir='ltr'><strong><em>ἐπεθύρσυνε.</em></strong></span> <span class='ocrx_word' id='word_1_175' title='bbox 679 2354 737 2422; x_wconf 76' lang='grc' dir='ltr'><strong>καί</strong></span> <span class='ocrx_word' id='word_1_176' title='bbox 754 2357 905 2423; x_wconf 80' lang='grc' dir='ltr'><strong><em>τοσοῦτόν</em></strong></span> <span class='ocrx_word' id='word_1_177' title='bbox 924 2382 960 2442; x_wconf 89' lang='grc' dir='ltr'><strong><em>γε</em></strong></span> <span class='ocrx_word' id='word_1_178' title='bbox 981 2357 1093 2442; x_wconf 80' lang='grc' dir='ltr'><strong><em>εἰπεύυ,</em></strong></span> <span class='ocrx_word' id='word_1_179' title='bbox 1115 2355 1163 2425; x_wconf 79' lang='lat' dir='ltr'><strong>dra</strong></span> <span class='ocrx_word' id='word_1_180' title='bbox 1182 2359 1248 2443; x_wconf 83' lang='lat' dir='ltr'><strong>„roi</strong></span> 
     </span>
     <span class='ocr_line' id='line_1_22' title="bbox 152 2455 1248 2544; baseline 0.002 -20"><span class='ocrx_word' id='word_1_181' title='bbox 152 2460 214 2540; x_wconf 79' lang='grc' dir='ltr'><strong><em>τῆς</em></strong></span> <span class='ocrx_word' id='word_1_182' title='bbox 233 2460 382 2540; x_wconf 85' lang='grc' dir='ltr'><strong><em>προνοίας</em></strong></span> <span class='ocrx_word' id='word_1_183' title='bbox 400 2461 475 2538; x_wconf 83' lang='grc' dir='ltr'><strong><em>μεθ’</em></strong></span> <span class='ocrx_word' id='word_1_184' title='bbox 495 2455 585 2542; x_wconf 76' lang='grc' dir='ltr'><strong><em>ἡμῶν</em></strong></span> <span class='ocrx_word' id='word_1_185' title='bbox 606 2459 672 2523; x_wconf 79' lang='grc' dir='ltr'><strong><em>ἐστι</em></strong></span> <span class='ocrx_word' id='word_1_186' title='bbox 691 2461 867 2541; x_wconf 83' lang='grc' dir='ltr'><strong><em>τεταγμένα</em></strong></span> <span class='ocrx_word' id='word_1_187' title='bbox 876 2461 905 2539; x_wconf 89' lang='grc'><strong>,”</strong></span> <span class='ocrx_word' id='word_1_188' title='bbox 924 2461 1084 2544; x_wconf 83' lang='grc' dir='ltr'><strong><em>παρέσχεν</em></strong></span> <span class='ocrx_word' id='word_1_189' title='bbox 1103 2459 1248 2544; x_wconf 79' lang='grc' dir='ltr'><strong><em>ύποψίαν</em></strong></span> 
     </span>
     <span class='ocr_line' id='line_1_23' title="bbox 152 2551 1248 2643; baseline 0.001 -21"><span class='ocrx_word' id='word_1_190' title='bbox 152 2565 220 2631; x_wconf 78' lang='grc' dir='ltr'><strong><em>τοῖς</em></strong></span> <span class='ocrx_word' id='word_1_191' title='bbox 247 2553 318 2622; x_wconf 81' lang='grc' dir='ltr'><strong><em>τότε</em></strong></span> <span class='ocrx_word' id='word_1_192' title='bbox 347 2555 584 2639; x_wconf 86' lang='grc' dir='ltr'><strong><em>ύπακούσασιν,</em></strong></span> <span class='ocrx_word' id='word_1_193' title='bbox 620 2555 663 2633; x_wconf 77' lang='grc' dir='ltr'><strong><em>ὥς</em></strong></span> <span class='ocrx_word' id='word_1_194' title='bbox 694 2554 730 2622; x_wconf 80' lang='grc' dir='ltr'><strong>ἔκ</strong></span> <span class='ocrx_word' id='word_1_195' title='bbox 758 2581 844 2632; x_wconf 90' lang='grc' dir='ltr'><strong><em>τινος</em></strong></span> <span class='ocrx_word' id='word_1_196' title='bbox 871 2551 992 2643; x_wconf 75' lang='grc' dir='ltr'><strong><em>ύδηλου</em></strong></span> <span class='ocrx_word' id='word_1_197' title='bbox 1013 2561 1113 2626; x_wconf 74' lang='grc' dir='ltr'><strong><em>ταῦτα</em></strong></span> <span class='ocrx_word' id='word_1_198' title='bbox 1134 2556 1248 2643; x_wconf 84' lang='grc' dir='ltr'><strong><em>θσύζοι</em></strong></span> 
     </span>
    </p>
   </div>
   <div class='ocr_carea' id='block_1_3' title="bbox 226 2705 1208 2781">
    <p class='ocr_par' dir='ltr' id='par_1_3' title="bbox 226 2705 1208 2781">
     <span class='ocr_line' id='line_1_24' title="bbox 226 2705 1208 2781; baseline 0 -19"><span class='ocrx_word' id='word_1_199' title='bbox 226 2709 250 2762; x_wconf 82' lang='grc'><strong>5.</strong></span> <span class='ocrx_word' id='word_1_200' title='bbox 264 2705 355 2768; x_wconf 78' lang='grc' dir='ltr'><strong><em>Ἰλλος</em></strong></span> <span class='ocrx_word' id='word_1_201' title='bbox 367 2709 473 2781; x_wconf 84' lang='lat' dir='ltr'><strong>ubique</strong></span> <span class='ocrx_word' id='word_1_202' title='bbox 488 2710 560 2780; x_wconf 75' lang='lat' dir='ltr'><strong>vulg.</strong></span> <span class='ocrx_word' id='word_1_203' title='bbox 640 2727 664 2779; x_wconf 84' lang='lat'><strong>7.</strong></span> <span class='ocrx_word' id='word_1_204' title='bbox 694 2707 858 2780; x_wconf 66' lang='grc' dir='ltr'><strong><em>ἐδωρήσατο</em></strong></span> <span class='ocrx_word' id='word_1_205' title='bbox 876 2709 975 2762; x_wconf 85' lang='lat' dir='ltr'><strong>Suidas</strong></span> <span class='ocrx_word' id='word_1_206' title='bbox 994 2727 1048 2768; x_wconf 76' lang='lat' dir='ltr'><strong>av.</strong></span> <span class='ocrx_word' id='word_1_207' title='bbox 1067 2710 1208 2774; x_wconf 75' lang='grc' dir='ltr'><strong><em>σύνταξις.</em></strong></span> 
     </span>
    </p>
   </div>
   <div class='ocr_carea' id='block_1_4' title="bbox 118 2843 1282 4265">
    <p class='ocr_par' dir='ltr' id='par_1_4' title="bbox 118 2843 1282 4265">
     <span class='ocr_line' id='line_1_25' title="bbox 153 2843 1241 2914; baseline 0.001 -15"><span class='ocrx_word' id='word_1_208' title='bbox 153 2847 252 2899; x_wconf 78' lang='lat' dir='ltr'><strong>tator:</strong></span> <span class='ocrx_word' id='word_1_209' title='bbox 278 2845 341 2910; x_wconf 88' lang='lat' dir='ltr'><strong>red,</strong></span> <span class='ocrx_word' id='word_1_210' title='bbox 359 2847 439 2898; x_wconf 89' lang='lat' dir='ltr'><strong>utin</strong></span> <span class='ocrx_word' id='word_1_211' title='bbox 457 2843 540 2907; x_wconf 87' lang='lat' dir='ltr'><strong>urbe,</strong></span> <span class='ocrx_word' id='word_1_212' title='bbox 566 2861 637 2914; x_wconf 84' lang='lat' dir='ltr'><strong>quae</strong></span> <span class='ocrx_word' id='word_1_213' title='bbox 656 2845 759 2898; x_wconf 84' lang='lat' dir='ltr'><strong>incolas</strong></span> <span class='ocrx_word' id='word_1_214' title='bbox 785 2844 906 2898; x_wconf 83' lang='lat' dir='ltr'><strong>babebat</strong></span> <span class='ocrx_word' id='word_1_215' title='bbox 933 2859 1027 2898; x_wconf 87' lang='lat' dir='ltr'><strong>omues</strong></span> <span class='ocrx_word' id='word_1_216' title='bbox 1055 2845 1241 2914; x_wconf 85' lang='lat' dir='ltr'><strong>Christianos,</strong></span> 
     </span>
     <span class='ocr_line' id='line_1_26' title="bbox 151 2915 1245 2988; baseline 0 -18"><span class='ocrx_word' id='word_1_217' title='bbox 151 2918 242 2988; x_wconf 85' lang='lat' dir='ltr'><strong>ipsius</strong></span> <span class='ocrx_word' id='word_1_218' title='bbox 261 2919 365 2972; x_wconf 84' lang='lat' dir='ltr'><strong>Graeca</strong></span> <span class='ocrx_word' id='word_1_219' title='bbox 386 2917 503 2986; x_wconf 77' lang='lat' dir='ltr'><strong>religio,</strong></span> <span class='ocrx_word' id='word_1_220' title='bbox 520 2933 603 2987; x_wconf 90' lang='lat' dir='ltr'><strong>quam</strong></span> <span class='ocrx_word' id='word_1_221' title='bbox 622 2916 672 2968; x_wconf 89' lang='lat' dir='ltr'><strong>ille</strong></span> <span class='ocrx_word' id='word_1_222' title='bbox 692 2916 769 2966; x_wconf 92' lang='lat' dir='ltr'><strong>nullo</strong></span> <span class='ocrx_word' id='word_1_223' title='bbox 788 2916 868 2968; x_wconf 90' lang='lat' dir='ltr'><strong>modo</strong></span> <span class='ocrx_word' id='word_1_224' title='bbox 884 2915 1091 2980; x_wconf 75' lang='lat' dir='ltr'><strong>dissimulabat,</strong></span> <span class='ocrx_word' id='word_1_225' title='bbox 1109 2917 1158 2970; x_wconf 87' lang='lat' dir='ltr'><strong>scd</strong></span> <span class='ocrx_word' id='word_1_226' title='bbox 1174 2935 1245 2988; x_wconf 85' lang='lat' dir='ltr'><strong>quae</strong></span> 
     </span>
     <span class='ocr_line' id='line_1_27' title="bbox 150 2986 1246 3057; baseline 0.002 -18"><span class='ocrx_word' id='word_1_227' title='bbox 150 2989 328 3041; x_wconf 84' lang='lat' dir='ltr'><strong>conlidenter</strong></span> <span class='ocrx_word' id='word_1_228' title='bbox 350 2995 381 3041; x_wconf 89' lang='lat' dir='ltr'><strong>et</strong></span> <span class='ocrx_word' id='word_1_229' title='bbox 405 2989 498 3057; x_wconf 86' lang='lat' dir='ltr'><strong>palam</strong></span> <span class='ocrx_word' id='word_1_230' title='bbox 526 2986 732 3048; x_wconf 70' lang='lat' dir='ltr'><strong>ostentabatur,</strong></span> <span class='ocrx_word' id='word_1_231' title='bbox 755 2987 862 3050; x_wconf 79' lang='lat' dir='ltr'><strong>effecit,</strong></span> <span class='ocrx_word' id='word_1_232' title='bbox 884 2994 917 3038; x_wconf 92' lang='lat' dir='ltr'><strong>ut</strong></span> <span class='ocrx_word' id='word_1_233' title='bbox 942 2987 1104 3056; x_wconf 82' lang='lat' dir='ltr'><strong>opinionem</strong></span> <span class='ocrx_word' id='word_1_234' title='bbox 1136 2991 1246 3041; x_wconf 82' lang='lat' dir='ltr'><strong>afferret</strong></span> 
     </span>
     <span class='ocr_line' id='line_1_28' title="bbox 148 3055 1245 3126; baseline -0.001 -15"><span class='ocrx_word' id='word_1_235' title='bbox 148 3059 328 3123; x_wconf 86' lang='lat' dir='ltr'><strong>bominibus,</strong></span> <span class='ocrx_word' id='word_1_236' title='bbox 353 3059 443 3126; x_wconf 88' lang='lat' dir='ltr'><strong>ipsum</strong></span> <span class='ocrx_word' id='word_1_237' title='bbox 461 3066 491 3110; x_wconf 90' lang='lat' dir='ltr'><strong>et</strong></span> <span class='ocrx_word' id='word_1_238' title='bbox 507 3057 562 3109; x_wconf 87' lang='lat' dir='ltr'><strong>alia</strong></span> <span class='ocrx_word' id='word_1_239' title='bbox 581 3073 679 3108; x_wconf 86' lang='lat' dir='ltr'><strong>arcana</strong></span> <span class='ocrx_word' id='word_1_240' title='bbox 702 3058 840 3125; x_wconf 78' lang='lat' dir='ltr'><strong>sapientia</strong></span> <span class='ocrx_word' id='word_1_241' title='bbox 866 3055 1022 3125; x_wconf 88' lang='lat' dir='ltr'><strong>praeditum</strong></span> <span class='ocrx_word' id='word_1_242' title='bbox 1050 3072 1117 3110; x_wconf 86' lang='lat' dir='ltr'><strong>esse.</strong></span> <span class='ocrx_word' id='word_1_243' title='bbox 1163 3059 1245 3110; x_wconf 89' lang='lat' dir='ltr'><strong>lllum</strong></span> 
     </span>
     <span class='ocr_line' id='line_1_29' title="bbox 149 3127 1244 3201; baseline -0.002 -19"><span class='ocrx_word' id='word_1_244' title='bbox 149 3131 237 3201; x_wconf 78' lang='lat' dir='ltr'><strong>igitur</strong></span> <span class='ocrx_word' id='word_1_245' title='bbox 254 3131 308 3182; x_wconf 85' lang='lat' dir='ltr'><strong>ribi</strong></span> <span class='ocrx_word' id='word_1_246' title='bbox 328 3129 547 3181; x_wconf 91' lang='lat' dir='ltr'><strong>commendatum</strong></span> <span class='ocrx_word' id='word_1_247' title='bbox 565 3129 631 3180; x_wconf 90' lang='lat' dir='ltr'><strong>llius</strong></span> <span class='ocrx_word' id='word_1_248' title='bbox 650 3127 807 3179; x_wconf 85' lang='lat' dir='ltr'><strong>humaniter</strong></span> <span class='ocrx_word' id='word_1_249' title='bbox 822 3129 950 3197; x_wconf 74' lang='lat' dir='ltr'><strong>suscepit</strong></span> <span class='ocrx_word' id='word_1_250' title='bbox 988 3127 1064 3196; x_wconf 87' lang='lat' dir='ltr'><strong>Quin</strong></span> <span class='ocrx_word' id='word_1_251' title='bbox 1077 3127 1159 3179; x_wconf 88' lang='lat' dir='ltr'><strong>etiam</strong></span> <span class='ocrx_word' id='word_1_252' title='bbox 1172 3145 1244 3191; x_wconf 90' lang='lat' dir='ltr'><strong>cum,</strong></span> 
     </span>
     <span class='ocr_line' id='line_1_30' title="bbox 150 3195 1244 3270; baseline -0.001 -16"><span class='ocrx_word' id='word_1_253' title='bbox 150 3219 214 3254; x_wconf 85' lang='lat' dir='ltr'><strong>eum</strong></span> <span class='ocrx_word' id='word_1_254' title='bbox 241 3199 355 3270; x_wconf 86' lang='lat' dir='ltr'><strong>publice</strong></span> <span class='ocrx_word' id='word_1_255' title='bbox 384 3198 522 3269; x_wconf 83' lang='lat' dir='ltr'><strong>quoddam</strong></span> <span class='ocrx_word' id='word_1_256' title='bbox 548 3204 646 3268; x_wconf 78' lang='lat' dir='ltr'><strong>potura</strong></span> <span class='ocrx_word' id='word_1_257' title='bbox 673 3198 829 3262; x_wconf 79' lang='lat' dir='ltr'><strong>recitasset,</strong></span> <span class='ocrx_word' id='word_1_258' title='bbox 856 3195 1003 3268; x_wconf 82' lang='lat' dir='ltr'><strong>splendide</strong></span> <span class='ocrx_word' id='word_1_259' title='bbox 1034 3207 1062 3250; x_wconf 90' lang='lat' dir='ltr'><strong>et</strong></span> <span class='ocrx_word' id='word_1_260' title='bbox 1087 3196 1244 3253; x_wconf 85' lang='lat' dir='ltr'><strong>honorilice</strong></span> 
     </span>
     <span class='ocr_line' id='line_1_31' title="bbox 150 3265 1243 3340; baseline 0 -18"><span class='ocrx_word' id='word_1_261' title='bbox 150 3273 292 3334; x_wconf 81' lang='lat' dir='ltr'><strong>tractavit,</strong></span> <span class='ocrx_word' id='word_1_262' title='bbox 317 3277 346 3322; x_wconf 88' lang='lat' dir='ltr'><strong>et</strong></span> <span class='ocrx_word' id='word_1_263' title='bbox 371 3268 540 3340; x_wconf 85' lang='lat' dir='ltr'><strong>stipendium</strong></span> <span class='ocrx_word' id='word_1_264' title='bbox 559 3270 586 3322; x_wconf 89' lang='lat' dir='ltr'><strong>ei</strong></span> <span class='ocrx_word' id='word_1_265' title='bbox 610 3266 703 3334; x_wconf 87' lang='lat' dir='ltr'><strong>dedit,</strong></span> <span class='ocrx_word' id='word_1_266' title='bbox 727 3271 827 3339; x_wconf 88' lang='lat' dir='ltr'><strong>partim</strong></span> <span class='ocrx_word' id='word_1_267' title='bbox 852 3269 963 3340; x_wconf 89' lang='lat' dir='ltr'><strong>quidem</strong></span> <span class='ocrx_word' id='word_1_268' title='bbox 990 3265 1024 3320; x_wconf 91' lang='lat' dir='ltr'><strong>de</strong></span> <span class='ocrx_word' id='word_1_269' title='bbox 1050 3285 1118 3332; x_wconf 88' lang='lat' dir='ltr'><strong>auo,</strong></span> <span class='ocrx_word' id='word_1_270' title='bbox 1145 3271 1243 3334; x_wconf 85' lang='lat' dir='ltr'><strong>partim</strong></span> 
     </span>
     <span class='ocr_line' id='line_1_32' title="bbox 149 3339 1242 3411; baseline 0.003 -20"><span class='ocrx_word' id='word_1_271' title='bbox 149 3357 215 3394; x_wconf 78' lang='lat' dir='ltr'><strong>vero</strong></span> <span class='ocrx_word' id='word_1_272' title='bbox 234 3360 250 3395; x_wconf 90' lang='lat' dir='ltr'><strong>e</strong></span> <span class='ocrx_word' id='word_1_273' title='bbox 267 3339 399 3410; x_wconf 88' lang='lat' dir='ltr'><strong>publico,</strong></span> <span class='ocrx_word' id='word_1_274' title='bbox 418 3349 449 3394; x_wconf 91' lang='lat' dir='ltr'><strong>ut</strong></span> <span class='ocrx_word' id='word_1_275' title='bbox 467 3339 581 3392; x_wconf 80' lang='lat' dir='ltr'><strong>doctori.</strong></span> <span class='ocrx_word' id='word_1_276' title='bbox 618 3341 687 3393; x_wconf 85' lang='lat' dir='ltr'><strong>Cum</strong></span> <span class='ocrx_word' id='word_1_277' title='bbox 705 3348 798 3392; x_wconf 85' lang='lat' dir='ltr'><strong>autem</strong></span> <span class='ocrx_word' id='word_1_278' title='bbox 815 3341 875 3411; x_wconf 90' lang='lat' dir='ltr'><strong>ipse</strong></span> <span class='ocrx_word' id='word_1_279' title='bbox 901 3341 931 3392; x_wconf 91' lang='lat' dir='ltr'><strong>in</strong></span> <span class='ocrx_word' id='word_1_280' title='bbox 954 3339 1087 3392; x_wconf 81' lang='lat' dir='ltr'><strong>Isauriam</strong></span> <span class='ocrx_word' id='word_1_281' title='bbox 1111 3339 1242 3406; x_wconf 88' lang='lat' dir='ltr'><strong>abiisset,</strong></span> 
     </span>
     <span class='ocr_line' id='line_1_33' title="bbox 149 3409 1240 3483; baseline 0 -19"><span class='ocrx_word' id='word_1_282' title='bbox 149 3413 214 3474; x_wconf 89' lang='lat' dir='ltr'><strong>iili,</strong></span> <span class='ocrx_word' id='word_1_283' title='bbox 231 3415 281 3483; x_wconf 65' lang='lat' dir='ltr'><strong>qui</strong></span> <span class='ocrx_word' id='word_1_284' title='bbox 303 3409 468 3466; x_wconf 85' lang='lat' dir='ltr'><strong>invidebant</strong></span> <span class='ocrx_word' id='word_1_285' title='bbox 484 3411 662 3481; x_wconf 85' lang='lat' dir='ltr'><strong>Pamprepio,</strong></span> <span class='ocrx_word' id='word_1_286' title='bbox 691 3410 808 3462; x_wconf 87' lang='lat' dir='ltr'><strong>conflata</strong></span> <span class='ocrx_word' id='word_1_287' title='bbox 838 3411 977 3463; x_wconf 87' lang='lat' dir='ltr'><strong>calumnia</strong></span> <span class='ocrx_word' id='word_1_288' title='bbox 1004 3417 1064 3461; x_wconf 89' lang='lat' dir='ltr'><strong>tum</strong></span> <span class='ocrx_word' id='word_1_289' title='bbox 1096 3427 1131 3462; x_wconf 78' lang='lat' dir='ltr'><strong>cx</strong></span> <span class='ocrx_word' id='word_1_290' title='bbox 1154 3410 1240 3479; x_wconf 81' lang='lat' dir='ltr'><strong>ipsius</strong></span> 
     </span>
     <span class='ocr_line' id='line_1_34' title="bbox 149 3479 1242 3552; baseline -0.003 -15"><span class='ocrx_word' id='word_1_291' title='bbox 149 3484 363 3552; x_wconf 78' lang='lat' dir='ltr'><strong>superstitione,</strong></span> <span class='ocrx_word' id='word_1_292' title='bbox 383 3485 559 3544; x_wconf 77' lang='lat' dir='ltr'><strong>lucretiam,</strong></span> <span class='ocrx_word' id='word_1_293' title='bbox 578 3482 653 3552; x_wconf 87' lang='lat' dir='ltr'><strong>quod</strong></span> <span class='ocrx_word' id='word_1_294' title='bbox 672 3481 908 3534; x_wconf 83' lang='lat' dir='ltr'><strong>incantationibus</strong></span> <span class='ocrx_word' id='word_1_295' title='bbox 927 3485 1063 3544; x_wconf 87' lang='lat' dir='ltr'><strong>uteretur,</strong></span> <span class='ocrx_word' id='word_1_296' title='bbox 1097 3489 1126 3534; x_wconf 89' lang='lat' dir='ltr'><strong>et</strong></span> <span class='ocrx_word' id='word_1_297' title='bbox 1145 3479 1242 3536; x_wconf 76' lang='lat' dir='ltr'><strong>aclvcr-</strong></span> 
     </span>
     <span class='ocr_line' id='line_1_35' title="bbox 148 3551 1241 3623; baseline -0.002 -15"><span class='ocrx_word' id='word_1_298' title='bbox 148 3572 196 3608; x_wconf 82' lang='lat' dir='ltr'><strong>sur</strong></span> <span class='ocrx_word' id='word_1_299' title='bbox 215 3555 409 3623; x_wconf 84' lang='lat' dir='ltr'><strong>Imperatorem</strong></span> <span class='ocrx_word' id='word_1_300' title='bbox 427 3553 479 3605; x_wconf 94' lang='lat' dir='ltr'><strong>lllo</strong></span> <span class='ocrx_word' id='word_1_301' title='bbox 496 3553 708 3615; x_wconf 87' lang='lat' dir='ltr'><strong>vaticinaretur,</strong></span> <span class='ocrx_word' id='word_1_302' title='bbox 735 3553 903 3620; x_wconf 84' lang='lat' dir='ltr'><strong>persuadent</strong></span> <span class='ocrx_word' id='word_1_303' title='bbox 925 3551 1027 3604; x_wconf 82' lang='lat' dir='ltr'><strong>Zenoni</strong></span> <span class='ocrx_word' id='word_1_304' title='bbox 1052 3559 1080 3604; x_wconf 91' lang='lat' dir='ltr'><strong>et</strong></span> <span class='ocrx_word' id='word_1_305' title='bbox 1103 3551 1241 3619; x_wconf 83' lang='lat' dir='ltr'><strong>Veriuae,</strong></span> 
     </span>
     <span class='ocr_line' id='line_1_36' title="bbox 146 3621 1240 3695; baseline 0.001 -19"><span class='ocrx_word' id='word_1_306' title='bbox 146 3641 223 3694; x_wconf 80' lang='lat' dir='ltr'><strong>qnae</strong></span> <span class='ocrx_word' id='word_1_307' title='bbox 242 3631 309 3677; x_wconf 89' lang='lat' dir='ltr'><strong>tnnc</strong></span> <span class='ocrx_word' id='word_1_308' title='bbox 326 3625 475 3695; x_wconf 86' lang='lat' dir='ltr'><strong>plurimum</strong></span> <span class='ocrx_word' id='word_1_309' title='bbox 496 3630 619 3692; x_wconf 87' lang='lat' dir='ltr'><strong>poterat,</strong></span> <span class='ocrx_word' id='word_1_310' title='bbox 638 3633 670 3676; x_wconf 91' lang='lat' dir='ltr'><strong>ut</strong></span> <span class='ocrx_word' id='word_1_311' title='bbox 690 3640 723 3675; x_wconf 86' lang='lat' dir='ltr'><strong>ex</strong></span> <span class='ocrx_word' id='word_1_312' title='bbox 741 3621 809 3677; x_wconf 90' lang='lat' dir='ltr'><strong>urbe</strong></span> <span class='ocrx_word' id='word_1_313' title='bbox 826 3621 1017 3692; x_wconf 80' lang='lat' dir='ltr'><strong>expelleretur.</strong></span> <span class='ocrx_word' id='word_1_314' title='bbox 1053 3621 1240 3693; x_wconf 88' lang='lat' dir='ltr'><strong>Quamobrem</strong></span> 
     </span>
     <span class='ocr_line' id='line_1_37' title="bbox 118 3692 1241 3766; baseline -0.002 -16"><span class='ocrx_word' id='word_1_315' title='bbox 118 3693 199 3750; x_wconf 78' lang='lat' dir='ltr'><strong>&#39;ille</strong></span> <span class='ocrx_word' id='word_1_316' title='bbox 218 3695 330 3766; x_wconf 86' lang='lat' dir='ltr'><strong>quidem</strong></span> <span class='ocrx_word' id='word_1_317' title='bbox 348 3697 512 3765; x_wconf 80' lang='lat' dir='ltr'><strong>Pergamon,</strong></span> <span class='ocrx_word' id='word_1_318' title='bbox 529 3694 627 3747; x_wconf 89' lang='lat' dir='ltr'><strong>urbem</strong></span> <span class='ocrx_word' id='word_1_319' title='bbox 643 3695 761 3761; x_wconf 81' lang='lat' dir='ltr'><strong>Mysiae,</strong></span> <span class='ocrx_word' id='word_1_320' title='bbox 787 3709 816 3746; x_wconf 89' lang='lat' dir='ltr'><strong>se</strong></span> <span class='ocrx_word' id='word_1_321' title='bbox 840 3692 952 3746; x_wconf 80' lang='lat' dir='ltr'><strong>confert</strong></span> <span class='ocrx_word' id='word_1_322' title='bbox 993 3693 1060 3744; x_wconf 89' lang='lat' dir='ltr'><strong>Illus</strong></span> <span class='ocrx_word' id='word_1_323' title='bbox 1079 3711 1160 3756; x_wconf 84' lang='lat' dir='ltr'><strong>vero,</strong></span> <span class='ocrx_word' id='word_1_324' title='bbox 1178 3712 1241 3749; x_wconf 89' lang='lat' dir='ltr'><strong>eum</strong></span> 
     </span>
     <span class='ocr_line' id='line_1_38' title="bbox 145 3763 1239 3834; baseline 0.002 -16"><span class='ocrx_word' id='word_1_325' title='bbox 145 3765 289 3831; x_wconf 87' lang='lat' dir='ltr'><strong>audisset,</strong></span> <span class='ocrx_word' id='word_1_326' title='bbox 314 3769 454 3820; x_wconf 88' lang='lat' dir='ltr'><strong>bominem</strong></span> <span class='ocrx_word' id='word_1_327' title='bbox 472 3781 522 3816; x_wconf 86' lang='lat' dir='ltr'><strong>sua</strong></span> <span class='ocrx_word' id='word_1_328' title='bbox 541 3781 621 3817; x_wconf 85' lang='lat' dir='ltr'><strong>crura</strong></span> <span class='ocrx_word' id='word_1_329' title='bbox 639 3763 749 3834; x_wconf 85' lang='lat' dir='ltr'><strong>pulsum</strong></span> <span class='ocrx_word' id='word_1_330' title='bbox 771 3781 848 3829; x_wconf 86' lang='lat' dir='ltr'><strong>esse,</strong></span> <span class='ocrx_word' id='word_1_331' title='bbox 873 3779 934 3816; x_wconf 90' lang='lat' dir='ltr'><strong>eum</strong></span> <span class='ocrx_word' id='word_1_332' title='bbox 952 3779 1003 3832; x_wconf 89' lang='lat' dir='ltr'><strong>per</strong></span> <span class='ocrx_word' id='word_1_333' title='bbox 1026 3763 1184 3818; x_wconf 81' lang='lat' dir='ltr'><strong>tabellarios</strong></span> <span class='ocrx_word' id='word_1_334' title='bbox 1209 3768 1239 3820; x_wconf 86' lang='lat' dir='ltr'><strong>iu</strong></span> 
     </span>
     <span class='ocr_line' id='line_1_39' title="bbox 143 3833 1238 3906; baseline -0.005 -14"><span class='ocrx_word' id='word_1_335' title='bbox 143 3837 282 3892; x_wconf 80' lang='lat' dir='ltr'><strong>Isauriam</strong></span> <span class='ocrx_word' id='word_1_336' title='bbox 300 3845 424 3890; x_wconf 86' lang='lat' dir='ltr'><strong>vocatum</strong></span> <span class='ocrx_word' id='word_1_337' title='bbox 442 3835 561 3906; x_wconf 85' lang='lat' dir='ltr'><strong>recepit,</strong></span> <span class='ocrx_word' id='word_1_338' title='bbox 589 3843 620 3888; x_wconf 86' lang='lat' dir='ltr'><strong>et</strong></span> <span class='ocrx_word' id='word_1_339' title='bbox 642 3835 828 3887; x_wconf 86' lang='lat' dir='ltr'><strong>consiliarium</strong></span> <span class='ocrx_word' id='word_1_340' title='bbox 855 3842 884 3887; x_wconf 88' lang='lat' dir='ltr'><strong>et</strong></span> <span class='ocrx_word' id='word_1_341' title='bbox 908 3833 1132 3888; x_wconf 83' lang='lat' dir='ltr'><strong>contubernalem</strong></span> <span class='ocrx_word' id='word_1_342' title='bbox 1154 3837 1238 3900; x_wconf 82' lang='lat' dir='ltr'><strong>lecit,</strong></span> 
     </span>
     <span class='ocr_line' id='line_1_40' title="bbox 145 3904 1239 3978; baseline -0.004 -15"><span class='ocrx_word' id='word_1_343' title='bbox 145 3917 175 3963; x_wconf 90' lang='lat' dir='ltr'><strong>et</strong></span> <span class='ocrx_word' id='word_1_344' title='bbox 193 3906 266 3978; x_wconf 87' lang='lat' dir='ltr'><strong>(erat</strong></span> <span class='ocrx_word' id='word_1_345' title='bbox 284 3910 357 3960; x_wconf 86' lang='lat' dir='ltr'><strong>enim</strong></span> <span class='ocrx_word' id='word_1_346' title='bbox 374 3910 416 3962; x_wconf 82' lang='lat' dir='ltr'><strong>vir</strong></span> <span class='ocrx_word' id='word_1_347' title='bbox 442 3907 491 3960; x_wconf 91' lang='lat' dir='ltr'><strong>ille</strong></span> <span class='ocrx_word' id='word_1_348' title='bbox 509 3906 598 3959; x_wconf 86' lang='lat' dir='ltr'><strong>civilis</strong></span> <span class='ocrx_word' id='word_1_349' title='bbox 617 3904 783 3974; x_wconf 86' lang='lat' dir='ltr'><strong>prudentiae</strong></span> <span class='ocrx_word' id='word_1_350' title='bbox 803 3904 931 3976; x_wconf 88' lang='lat' dir='ltr'><strong>plcuur,)</strong></span> <span class='ocrx_word' id='word_1_351' title='bbox 960 3921 1004 3958; x_wconf 83' lang='lat' dir='ltr'><strong>eas</strong></span> <span class='ocrx_word' id='word_1_352' title='bbox 1030 3907 1073 3958; x_wconf 89' lang='lat' dir='ltr'><strong>sui</strong></span> <span class='ocrx_word' id='word_1_353' title='bbox 1097 3907 1239 3977; x_wconf 87' lang='lat' dir='ltr'><strong>principu-</strong></span> 
     </span>
     <span class='ocr_line' id='line_1_41' title="bbox 130 3975 1237 4052; baseline -0.002 -18"><span class='ocrx_word' id='word_1_354' title='bbox 130 3989 188 4052; x_wconf 69' lang='grc' dir='ltr'><strong>,ωε</strong></span> <span class='ocrx_word' id='word_1_355' title='bbox 207 3995 268 4042; x_wconf 86' lang='lat' dir='ltr'><strong>res,</strong></span> <span class='ocrx_word' id='word_1_356' title='bbox 292 3977 328 4030; x_wconf 93' lang='lat' dir='ltr'><strong>ad</strong></span> <span class='ocrx_word' id='word_1_357' title='bbox 348 3996 415 4049; x_wconf 87' lang='lat' dir='ltr'><strong>quas</strong></span> <span class='ocrx_word' id='word_1_358' title='bbox 434 3977 662 4031; x_wconf 82' lang='lat' dir='ltr'><strong>administrandas</strong></span> <span class='ocrx_word' id='word_1_359' title='bbox 687 3977 774 4030; x_wconf 87' lang='lat' dir='ltr'><strong>olium</strong></span> <span class='ocrx_word' id='word_1_360' title='bbox 794 3979 853 4046; x_wconf 88' lang='lat' dir='ltr'><strong>ipse</strong></span> <span class='ocrx_word' id='word_1_361' title='bbox 869 3993 925 4029; x_wconf 88' lang='lat' dir='ltr'><strong>non</strong></span> <span class='ocrx_word' id='word_1_362' title='bbox 942 3975 1081 4039; x_wconf 83' lang='lat' dir='ltr'><strong>babebat,</strong></span> <span class='ocrx_word' id='word_1_363' title='bbox 1106 3978 1237 4048; x_wconf 76' lang='lat' dir='ltr'><strong>gerendas</strong></span> 
     </span>
     <span class='ocr_line' id='line_1_42' title="bbox 144 4047 1282 4120; baseline -0.001 -16"><span class='ocrx_word' id='word_1_364' title='bbox 144 4053 200 4117; x_wconf 84' lang='lat' dir='ltr'><strong>ipai</strong></span> <span class='ocrx_word' id='word_1_365' title='bbox 232 4048 427 4120; x_wconf 84' lang='lat' dir='ltr'><strong>permittebat,</strong></span> <span class='ocrx_word' id='word_1_366' title='bbox 459 4057 489 4102; x_wconf 85' lang='lat' dir='ltr'><strong>et</strong></span> <span class='ocrx_word' id='word_1_367' title='bbox 516 4049 676 4117; x_wconf 76' lang='lat' dir='ltr'><strong>Byzantium</strong></span> <span class='ocrx_word' id='word_1_368' title='bbox 704 4047 861 4118; x_wconf 81' lang='lat' dir='ltr'><strong>profectur,</strong></span> <span class='ocrx_word' id='word_1_369' title='bbox 894 4064 955 4100; x_wconf 86' lang='lat' dir='ltr'><strong>eum</strong></span> <span class='ocrx_word' id='word_1_370' title='bbox 984 4063 1077 4100; x_wconf 90' lang='lat' dir='ltr'><strong>secum</strong></span> <span class='ocrx_word' id='word_1_371' title='bbox 1112 4047 1237 4103; x_wconf 83' lang='lat' dir='ltr'><strong>adduxit.</strong></span> <span class='ocrx_word' id='word_1_372' title='bbox 1279 4083 1282 4091; x_wconf 43' lang='grc' dir='ltr'><strong><em>ι</em></strong></span> 
     </span>
     <span class='ocr_line' id='line_1_43' title="bbox 145 4117 1239 4188; baseline -0.002 -16"><span class='ocrx_word' id='word_1_373' title='bbox 145 4119 214 4173; x_wconf 83' lang='lat' dir='ltr'><strong>Com</strong></span> <span class='ocrx_word' id='word_1_374' title='bbox 235 4128 328 4174; x_wconf 87' lang='lat' dir='ltr'><strong>autem</strong></span> <span class='ocrx_word' id='word_1_375' title='bbox 348 4120 480 4173; x_wconf 77' lang='lat' dir='ltr'><strong>Marciani</strong></span> <span class='ocrx_word' id='word_1_376' title='bbox 500 4119 667 4188; x_wconf 86' lang='lat' dir='ltr'><strong>conspiratio</strong></span> <span class='ocrx_word' id='word_1_377' title='bbox 687 4127 782 4172; x_wconf 84' lang='lat' dir='ltr'><strong>exorta</strong></span> <span class='ocrx_word' id='word_1_378' title='bbox 801 4125 856 4183; x_wconf 85' lang='lat' dir='ltr'><strong>cat,</strong></span> <span class='ocrx_word' id='word_1_379' title='bbox 884 4117 967 4171; x_wconf 88' lang='lat' dir='ltr'><strong>illum</strong></span> <span class='ocrx_word' id='word_1_380' title='bbox 985 4117 1158 4172; x_wconf 85' lang='lat' dir='ltr'><strong>dubitantem</strong></span> <span class='ocrx_word' id='word_1_381' title='bbox 1178 4119 1239 4188; x_wconf 85' lang='lat' dir='ltr'><strong>ipae</strong></span> 
     </span>
     <span class='ocr_line' id='line_1_44' title="bbox 141 4187 1236 4265; baseline -0.004 -19"><span class='ocrx_word' id='word_1_382' title='bbox 141 4191 329 4259; x_wconf 67' lang='lat' dir='ltr'><strong>confirmarit,</strong></span> <span class='ocrx_word' id='word_1_383' title='bbox 349 4197 511 4265; x_wconf 84' lang='lat' dir='ltr'><strong>tantumque</strong></span> <span class='ocrx_word' id='word_1_384' title='bbox 533 4192 643 4246; x_wconf 73' lang='lat' dir='ltr'><strong>etiatusz</strong></span> <span class='ocrx_word' id='word_1_385' title='bbox 664 4189 858 4257; x_wconf 83' lang='lat' dir='ltr'><strong>„Providentia</strong></span> <span class='ocrx_word' id='word_1_386' title='bbox 876 4187 1019 4246; x_wconf 86' lang='lat' dir='ltr'><strong>nobiscum</strong></span> <span class='ocrx_word' id='word_1_387' title='bbox 1037 4187 1128 4255; x_wconf 54' lang='lat' dir='ltr'><strong>toas?</strong></span> <span class='ocrx_word' id='word_1_388' title='bbox 1145 4189 1236 4262; x_wconf 86' lang='lat' dir='ltr'><strong>ruspi-</strong></span> 
     </span>
    </p>
   </div>
   <div class='ocr_carea' id='block_1_5' title="bbox 0 0 1530 4892">
    <p class='ocr_par' dir='ltr' id='par_1_5' title="bbox 0 0 1530 4892">
     <span class='ocr_line' id='line_1_45' title="bbox 0 0 1530 4892; baseline 0 9"><span class='ocrx_word' id='word_1_389' title='bbox 0 0 1530 4892; x_wconf 95' lang='lat' dir='ltr'><strong> </strong></span> 
     </span>
    </p>
   </div>
  </div>
 </body>
</html>
