3050 4892
477 282 503 339 n
532 277 662 343 rursm
689 278 891 344 ursroam.
1151 252 1223 353 ¹41

134 432 266 521 ἔφασαν
286 428 388 497 πάντα
406 418 548 516 ποιήσειν
567 432 606 497 τά
628 431 753 515 α’γαθά,
790 436 821 497 εἰ
839 420 1013 519 tintoriscii
1033 426 1106 519 άγοι
1124 436 1159 511 ἐς
1177 432 1305 520 sip-M·
1316 434 1368 502 δέ’

138 556 195 617 γον
213 527 405 614 δπὸσχεσιν.
445 529 556 609 δεξιάν
575 554 609 596 τε
628 535 683 596 καί
700 525 805 618 δ’ρκων
824 534 879 597 ἐπὶ
895 542 962 607 τοῖς
981 534 1155 618 εἰρημένοις
1174 536 1226 597 δο-
1235 503 1376 630 ,Ῑὴῒοὶἰήθ

139 634 279 710 θέντων,
313 626 396 711 μετά
416 630 612 715 βαρβαρικῆς
630 630 849 714 πολυπληθίας
869 632 903 706 ές
921 629 978 716 την
999 627 1178 717 Ῥωμαϊκὴν
1195 636 1228 698 ἐ-

139 728 266 795 πάνεισι
283 730 351 813 γῆν,
372 728 428 792 καὶ
445 723 563 812 ταύτην
592 731 784 815 προλοχίσας
808 728 937 816 άντικρδ
961 734 1019 814 τῆς
1041 721 1142 815 ἔχθης
1174 755 1230 796 νυ-

119 823 215 903 ὄκτός
235 827 434 911 διανίστησιν
458 826 494 891 ἐκ
516 822 725 911 συνθήματος,
737 825 795 891 κατ’
806 824 871 891 int
892 836 957 904 τοῖς
977 823 1154 903 ἀντιπάλοις
1172 827 1231 913 τὴν

139 925 234 991 πόλιν
254 934 354 995 ποιεῖ’.
397 925 571 1011 δῃωθείσης
591 924 627 989 δὲ
650 928 706 1010 τῆς
726 922 866 1012 Μάρρου
892 925 947 993 τὸν
975 924 1090 1013 τρόπον
1110 926 1230 994 τοῦτον,

141 1028 197 1092 ἐπί
215 1026 325 1108 μεῖζον
344 1018 469 1109 ηὐξήθη
491 1022 532 1089 τά
551 1026 616 1089 τεάν
635 1022 809 1112 βαρβάρων
827 1026 1010 1111 πράγματα.

222 1124 263 1207 β.
296 1116 367 1189 Ὅτι
385 1121 440 1189 ἐπὶ
459 1124 632 1189 Θεοδοσίου
651 1128 710 1187 τοῦ
734 1128 851 1211 μικροῦ
886 1126 1044 1206 βασιλέως
1081 1118 1240 1211 Ἀπήλας·

140 1225 158 1290 δ
180 1226 245 1290 τάν
261 1212 387 1288 Oinoa
406 1220 557 1306 βασιλεάς
574 1222 630 1289 τὸν
649 1224 762 1289 οἰκεῖον
782 1220 917 1310 στρατόν
937 1223 1067 1311 ἀγείρας
1079 1222 1256 1310 γράμμαλλ

102 1340 185 1389 toras
203 1325 324 1405 πέμπει
347 1319 436 1407 παρά
455 1320 509 1388 τὸν
529 1324 662 1405 βασιλέα
692 1323 755 1387 τάν
773 1346 808 1387 τε
837 1318 990 1409 φυγάδων
1011 1326 1067 1387 καί
1084 1324 1148 1388 τῶν
1168 1320 1229 1409 φό-

142 1447 210 1509 ρων
228 1424 323 1505 ιτέρι,
356 1412 425 1485 ὅσοι
453 1417 614 1507 προφάσει
640 1422 734 1487 τοῦδε
756 1421 816 1487 τοῦ
836 1420 974 1502 πολέμου
994 1421 1053 1485 οδκ
1072 1422 1227 1499 έδέδοντο,

140 1520 200 1605 τήν
229 1521 380 1605 ταχίστην
408 1516 440 1584 ot
470 1513 686 1601 ἐκπέμπεσθαι
713 1516 1024 1602 παρακελευόμενος·
1051 1518 1227 1597 συντάξεως

142 1616 184 1704 δὴ
206 1621 297 1683 ἓνεκα
312 1619 505 1699 *μέλλοντος
520 1618 623 1705 φόρου
644 1624 720 1705 παρ’
740 1615 839 1684 airis
857 1623 1005 1705 πρέσβεις
1024 1616 1099 1694 τούς
1121 1620 1227 1683 διαλε-

142 1719 295 1799 ξομένους
314 1710 527 1802 ἀφικνεῖσθαι,
549 1718 601 1800 οἱς,
623 1719 654 1782 εἰ
670 1716 860 1802 μελλησειαν
883 1710 907 1801 ἢ
925 1714 1006 1801 πρὸς
1018 1712 1155 1798 πόλεμον
1169 1714 1225 1799 ὅρ-

103 1812 296 1901 ιδμήσειαν,
323 1810 396 1881 οὐδὲ
418 1813 519 1881 αὐτὸν
537 1813 585 1881 ἔτι
603 1818 753 1882 ἐθέλοντα
772 1814 807 1880 τδ
827 1814 984 1880 Σκυθικὸν
1004 1819 1127 1900 ἐφέξειν
1144 1816 1224 1898 πλῆ-

140 1919 221 1990 θος.
260 1916 360 1979 ταῦτα
382 1911 564 1998 α’ναγνόντες
584 1911 614 1978 οἳ
637 1910 725 2000 ἀμφὶ
742 1912 784 1979 τά
805 1916 953 1997 βασίλεια
980 1914 1129 1995 οὐδαμῶς
1148 1913 1225 1988 τούς

138 2010 232 2099 παρά
254 2015 338 2100 σφᾶς
360 2010 598 2100 καταφυγόντας
617 2011 766 2079 ἐκδώσειν
784 2009 911 2099 ἔφασαν
918 2062 928 2093 ,
964 2010 1044 2077 cilici
1066 2009 1127 2076 σάν
1145 2009 1226 2077 έκεί-

139 2134 209 2189 νοις
228 2110 285 2179 τδν
303 2110 441 2197 πόλεμον
459 2108 715 2197 άποσιήσεσθαι,
748 2112 888 2196 πέμφειν
914 2114 951 2178 δὲ
981 2113 1128 2195 πρέσβεις
1152 2108 1226 2187 rode

140 2212 184 2277 τά
215 2212 355 2299 διάφορα
385 2212 554 2287 λύσοντας.
604 2212 648 2288 οἱς
677 2216 713 2278 δὲ
743 2215 789 2301 τῷ
819 2209 958 2300 Ἀττὴλιγ
985 2210 1023 2276 τά
1053 2212 1224 2294 δεδογμένα

101 2314 316 2393 ἎῠῬωμαίοις
329 2312 503 2396 ἠγγέλλετο,
523 2313 558 2377 έν
574 2312 653 2399 ὀργῇ
667 2309 703 2375 τά
721 2316 853 2397 πρᾶγμα
869 2309 1054 2391 ποιούμενος
1065 2308 1121 2395 τὴν
1136 2310 1248 2376 ‘Pas-c

140 2411 261 2497 μαῖκην
283 2408 377 2499 έδῄυυ
397 2414 468 2496 γῆν,
489 2409 544 2475 καί
569 2408 711 2497 φρούριά
737 2436 809 2477 τινα
835 2407 980 2475 καθελών
999 2412 1037 2497 τῇ
1050 2410 1224 2501 Ῥατιαρίηι

139 2512 338 2596 προσέβαλλε
358 2510 487 2597 μεγιστῃ
509 2508 566 2573 καὶ
584 2512 833 2599 πολυανθρώπφ.

212 2632 238 2686 3.
255 2628 390 2693 ίπανίησι
406 2608 493 2698 τιιΙςαΙ
537 2632 575 2685 13·
595 2626 810 2701 διαλεξαμίνυυς
826 2632 896 2702 vulg.
961 2631 1000 2701 τά.
1015 2628 1225 2701 μελλησειανῆ

214 2700 260 2763 B.,
276 2698 442 2770 μελλήσειεν
459 2700 531 2767 vulg.

143 2794 251 2845 ratione
276 2810 305 2845 se
330 2808 493 2863 repensuros
522 2797 726 2862 promitterent,
748 2796 771 2846 si
792 2794 900 2847 remed
927 2796 1029 2847 exitum
1046 2795 1226 2864 perduceret,

141 2866 217 2917 datis
234 2861 335 2915 dextris
361 2871 390 2915 et
421 2863 502 2915 dictis
528 2863 704 2917 iureiurando
730 2864 859 2935 utrinque
882 2865 1013 2931 praestito
1031 2865 1158 2928 firmatis,
1176 2864 1225 2915 ina

140 2950 206 2987 eum
224 2950 319 3005 magna
337 2934 513 2986 barbarorum
531 2934 709 2987 multitudine
736 2934 766 2985 in
785 2936 853 2985 fines
879 2935 1058 2986 Romanorum
1077 2944 1118 2987 est
1135 2944 1225 2986 rerer-

138 3022 195 3059 aus.
231 3006 298 3057 Eam
313 3004 518 3057 multitudinem
536 3020 596 3055 cum
614 3022 648 3056 ex
666 3004 778 3056 adverso
808 3004 885 3073 ripae
910 3006 939 3055 in
966 3004 1074 3057 insidiis
1094 3004 1226 3055 collocas·

139 3084 198 3138 set,
217 3080 297 3127 nocte
315 3075 378 3126 dato
394 3074 471 3143 siguo
490 3074 606 3136 exsiliit,
626 3082 654 3127 et
672 3072 768 3125 urbem
785 3074 816 3125 in
832 3090 928 3127 manus
951 3074 1071 3128 hostium
1096 3073 1224 3125 traduxit

138 3146 175 3198 Et
191 3146 227 3197 ab
253 3160 285 3198 eo
305 3154 428 3215 tempore
456 3142 632 3197 barbarorum
662 3162 705 3197 res
726 3144 755 3197 in
779 3143 854 3197 diem
879 3145 1014 3199 unctiores
1045 3145 1225 3215 melioresque

138 3216 262 3269 inerunt.

209 3302 234 3339 n·
271 3284 328 3337 Sub
350 3274 508 3337 Theodosio
538 3284 648 3336 iuniore
671 3286 844 3353 Imperatore
870 3285 972 3337 Attilas
991 3286 1151 3337 Hunnorum
1178 3300 1225 3336 ren

137 3356 277 3409 deiectum
297 3372 329 3407 ex
346 3354 403 3406 suis
413 3352 525 3416 habuit,
544 3360 573 3406 et
589 3354 695 3408 litteras
710 3356 744 3407 ud
754 3356 949 3426 Imperatorem
961 3356 1069 3425 scripsit
1086 3354 1120 3406 de
1137 3362 1226 3406 trans-

138 3426 213 3495 tugis
228 3432 258 3479 et
276 3424 311 3477 dc
328 3425 458 3485 tributis,
476 3431 523 3485 ut,
550 3440 738 3494 quaecumque
763 3427 905 3479 occasione
922 3425 1006 3477 huius
1025 3425 1094 3477 belli
1119 3425 1225 3477 reddita

137 3514 198 3550 uon
215 3504 319 3556 essent,
338 3512 419 3566 quam
442 3494 571 3547 citissime
598 3494 632 3545 ad
650 3512 678 3547 se
695 3498 885 3560 mitterentur,
903 3494 937 3547 de
959 3495 1068 3548 tributis
1085 3504 1177 3548 autem
1193 3496 1224 3547 iu

137 3574 281 3635 posterum
305 3564 458 3637 pendendis
487 3564 570 3633 legati
594 3582 683 3617 seeum
717 3568 804 3618 acturi
829 3565 864 3617 ad
890 3582 920 3619 se
942 3568 1081 3619 venirent:
1107 3583 1169 3619 nam
1199 3568 1223 3619 si

136 3643 332 3690 cunctarentur
355 3644 403 3689 aut
428 3634 532 3688 bellum
549 3643 688 3704 pararent,
708 3654 743 3688 ue
769 3652 798 3689 se
815 3638 905 3705 ipsum
931 3636 1043 3706 quidem
1065 3636 1224 3705 Scytharum

137 3705 347 3760 multitudinem
374 3706 478 3758 diutius
503 3713 703 3763 contentorum.
745 3706 795 3758 iiis
820 3706 920 3758 litteris
950 3708 1043 3770 lectis,
1071 3708 1224 3776 Imperator

137 3792 314 3848 nequaquam
332 3776 459 3845 Scythas,
477 3777 527 3846 qui
547 3776 582 3827 ad
604 3792 633 3829 ιε
653 3776 851 3845 confugissent,
881 3768 1043 3831 tuditu'mm
1066 3776 1147 3842 dixit,
1174 3776 1223 3831 sed

138 3864 277 3901 unacum
297 3846 353 3898 illis
370 3850 400 3901 iu
418 3847 509 3899 animo
528 3846 583 3899 sibi
603 3863 680 3909 esse,
702 3845 772 3899 belli
798 3856 923 3900 eventum
941 3858 1104 3919 exspectare.
1140 3848 1223 3901 Cete-

138 3934 251 3971 rumne
276 3918 379 3987 legatos
405 3919 566 3979 missurum,
588 3917 638 3987 qui
662 3918 857 3969 controversias
880 3919 1047 3979 dirimerent.
1086 3919 1124 3972 ta
1142 3918 1222 3971 sicuti

139 3988 256 4041 Romani
274 3987 464 4051 decreverant,
479 3986 528 4039 ubi
546 3988 645 4040 Attilae
662 3988 789 4051 rescivit,
806 3988 846 4041 ira
869 3999 1016 4044 commotus
1040 3992 1222 4043 Romanorum

140 4058 208 4110 lines
244 4060 375 4121 vastavit,
401 4067 429 4111 et
451 4058 568 4110 castellis
594 4056 757 4129 quibusdum
783 4057 897 4123 diuitis,
916 4062 945 4114 in
962 4062 1108 4115 Ratiariam
1126 4060 1222 4114 urbem

140 4142 265 4199 magnam
290 4136 318 4181 et
337 4125 434 4201 populi
452 4129 628 4185 multitudine
646 4128 831 4184 abundantem
859 4133 1039 4205 irruptionem
1055 4132 1129 4185 fecit
